2422 4006
506 281 652 330 SATVRA
677 282 701 329 V

78 459 214 531 spumat
231 469 320 531 aper.
369 459 445 532 post
463 450 553 512 hunc
570 450 745 512 tradentur
761 451 887 524 tubera,
908 450 936 512 si
953 469 1011 512 ver

78 566 163 620 tunc
180 557 243 620 erit
261 567 295 620 et
311 558 437 621 facient
453 567 570 640 optata
586 557 736 620 tonitrua
752 577 852 620 cenas

78 665 231 730 maiores.
283 666 365 729 ‘tibi
383 666 468 729 habe
485 664 713 729 frumentum’
733 664 887 728 Alledius
904 666 1020 748 inquit,

80 785 121 835 ‘0
141 772 256 857 Libye,
274 773 429 856 disiunge
447 775 560 848 boves,
580 775 658 837 dum
677 774 796 836 tubera
812 773 948 837 mittas’

79 890 282 944 structorem
300 882 437 958 interea,
456 902 566 964 nequa
583 882 770 964 indignatio
787 882 883 956 desit,
1081 906 1127 941 120

79 989 260 1051 saltantem
278 999 411 1071 spectes
428 999 461 1052 et
479 991 737 1053 chironomunta
753 990 877 1052 volanti

79 1096 225 1173 cultello,
244 1099 351 1161 donec
368 1108 505 1181 peragat
524 1084 650 1162 dictata
667 1098 818 1180 magistri

79 1205 212 1283 omnia;
237 1226 298 1269 nec
316 1207 454 1270 minimo
473 1227 553 1270 sane
569 1206 761 1270 discrimine
778 1207 881 1270 refert

79 1334 147 1395 quo
165 1324 264 1395 gestu
282 1315 412 1396 lepores
431 1324 464 1377 et
481 1335 546 1396 quo
564 1313 688 1397 gallina
705 1325 845 1378 secetur.

79 1422 212 1485 duceris
230 1423 344 1504 planta
361 1423 451 1486 velut
469 1423 555 1486 ictus
572 1424 614 1486 ab
633 1423 781 1486 Hercule
799 1423 906 1486 Cacus
1080 1446 1125 1498 125

80 1541 115 1594 et
132 1551 257 1613 ponere
272 1531 366 1606 ioriS,
386 1531 414 1594 si
430 1531 509 1613 quid
527 1531 745 1612 temptaveris
763 1552 919 1612 umquam

80 1640 221 1714 hiscere,
236 1649 405 1722 tamquam
424 1640 547 1702 habeas
565 1640 628 1703 tria
641 1639 785 1702 nomina.
826 1640 957 1721 quando
972 1641 1125 1722 propinat

79 1747 181 1810 Virro
198 1747 260 1809 tibi
277 1747 420 1810 sumitve
437 1747 505 1810 tuis
523 1755 679 1810 contacta
695 1746 823 1810 labellis

80 1855 222 1937 pocula?
247 1856 320 1938 quis
337 1865 485 1918 vestrum
504 1856 700 1918 temerarius
717 1876 823 1938 usque
840 1857 933 1931 ade0,
952 1858 1025 1938 quis

80 1964 241 2046 perditus,
260 1974 297 2027 ut
315 1964 403 2027 dicat
420 1965 492 2046 regi
512 1963 628 2027 ‘bibe'
646 1964 656 2025 ?
690 1963 832 2045 plurima
849 1974 927 2027 sunt
945 1985 1029 2047 quae
1080 1987 1126 2037 130

79 2093 148 2135 non
165 2073 290 2135 audent
307 2072 460 2135 homines
478 2082 613 2153 pertusa
629 2073 740 2135 dicere
757 2072 861 2137 laena.

66 2171 326 2262 'quadringenta
341 2180 404 2243 tibi
421 2181 450 2242 si
467 2180 541 2262 quis
558 2181 642 2243 deus
659 2190 717 2243 aut
735 2180 853 2243 similis
871 2182 919 2243 dis

82 2297 116 2351 et
134 2288 252 2352 melior
267 2288 346 2351 fatis
363 2290 503 2374 donaret
522 2288 711 2363 homunci0‚
731 2297 887 2371 quantus,

80 2416 121 2459 ex
138 2397 240 2460 nihilo
257 2405 402 2479 quantus
420 2397 517 2459 fieres
534 2397 688 2460 Virronis
706 2397 841 2461 amicus.

82 2505 144 2567 ‘da
159 2505 292 2579 Trebio,
311 2526 398 2588 pone
414 2506 455 2567 ad
473 2505 643 2568 Trebium.
694 2505 753 2580 vis,
772 2506 884 2580 irater,
903 2507 945 2569 ab
962 2507 1043 2588 ipsis
1078 2528 1124 2580 135

80 2611 178 2676 ilibus
191 2612 221 2675 ?'
271 2633 290 2676 0
307 2614 445 2688 nummi,
464 2614 558 2677 vobis
577 2614 666 2677 hunc
683 2623 831 2695 praestat
849 2615 1019 2688 honorem,

79 2742 139 2784 vos
158 2722 240 2784 estis
256 2722 386 2785 iratres,
437 2723 592 2785 dominus
609 2732 722 2785 tamen
740 2731 774 2784 et
791 2723 917 2785 domini
934 2743 991 2785 rex

79 2830 108 2893 si
124 2830 175 2893 vis
192 2838 230 2892 tu
247 2830 327 2905 fieri,
346 2829 457 2893 nullus
474 2831 536 2893 tibi
552 2831 709 2913 parvulus
727 2830 801 2894 aula

78 2938 197 3001 luserit
215 2937 352 3001 Aeneas
368 2958 431 3001 nec
449 2938 515 3001 filia
531 2939 659 3002 dulcior
677 2939 751 3015 illo;

51 3112 63 3129 κ
80 3045 262 3111 iucundum
279 3056 313 3110 et
330 3069 443 3111 carum
462 3047 587 3110 sterilis
603 3047 684 3110 iacit
703 3069 784 3109 uxor
800 3048 953 3110 amicum·
1078 3069 1124 3114 140

79 3156 139 3218 sed
155 3163 215 3218 tua
231 3175 319 3218 nunc
338 3155 472 3240 Mycale
488 3155 594 3237 pariat
612 3155 691 3218 licet
710 3166 743 3218 et
762 3175 883 3237 pueros
901 3165 970 3218 tres

79 3262 113 3325 in
130 3262 295 3345 gremium
312 3264 415 3345 patris
431 3264 551 3326 fundat
570 3263 683 3338 semel,
703 3264 774 3345 ipse
792 3263 921 3346 loquaci

78 3370 238 3452 gaudebit
255 3371 342 3446 nido,
360 3371 499 3432 viridem
517 3360 655 3432 thoraca
672 3370 798 3434 iubebit

78 3478 203 3541 adferri
219 3478 441 3561 minimasque
457 3498 562 3542 nuces
579 3498 757 3560 assemque
773 3487 936 3560 rogatum,

78 3586 119 3649 ad
136 3606 287 3650 mensam
304 3587 461 3669 quotiens
478 3587 645 3668 parasitus
663 3586 793 3648 venerit
810 3586 930 3650 infans.
1078 3606 1121 3657 145
