2422 4006
475 276 621 324 SATVRA
647 276 714 324 XIV
1071 279 1117 332 115

66 444 160 508 intra
175 464 261 527 quae
277 453 372 526 pater
389 454 461 520 est3
485 443 611 526 procul,
630 465 649 506 a
666 445 781 525 procul
799 446 875 509 inde
892 447 1024 528 puellae
1086 467 1118 522 45

69 551 230 618 lenonum
248 561 282 616 et
300 561 419 616 cantus
435 552 666 634 pernoctantis
682 553 829 634 parasiti.

71 662 215 725 maxima
231 662 373 725 debetur
389 680 493 743 puero
510 660 716 737 reverentia3
742 661 850 742 siquid

73 778 168 852 turpe
185 790 291 851 paras,
310 789 372 832 nec
389 779 426 831 tu
444 769 538 849 pueri
555 769 799 850 contempseris
815 791 931 846 annoS,

69 860 130 941 'sed
147 886 328 960 peccaturo
344 877 457 940 obstet
474 877 536 939 tibi
553 878 640 940 filius
658 877 779 941 infans.

74 1005 148 1049 nam
167 985 277 1068 siquid
294 985 432 1067 dignum
450 985 599 1048 censoris
615 986 735 1049 fecerit
754 986 801 1049 ira

73 1095 272 1176 quandoque
288 1103 321 1156 et
339 1093 481 1156 similem
498 1093 560 1157 tibi
578 1114 699 1176 senon
717 1115 854 1175 corpore
870 1104 1002 1159 tantum

71 1221 133 1266 uec
150 1202 245 1265 vultu
262 1202 400 1278 dederit,
419 1222 548 1264 morum
565 1223 698 1285 quoque
715 1203 802 1265 lilius
820 1211 853 1265 et
870 1202 926 1284 qui

68 1311 184 1374 omnia
199 1311 346 1373 deterius
363 1319 422 1373 tua
437 1331 497 1392 per
513 1310 656 1393 vestigia
671 1320 798 1392 peccet,

66 1419 229 1500 corripies
247 1417 403 1481 nimirum
420 1427 454 1481 et
473 1419 654 1500 castigabis
671 1419 792 1482 acerbo

63 1527 214 1591 clamore
230 1547 269 1590 ac
285 1535 361 1608 post
378 1527 461 1590 haec
478 1527 608 1590 tabulas
627 1536 757 1590 mutare
774 1529 915 1608 parabis,

62 1637 160 1699 unde
176 1634 239 1698 tibi
254 1634 402 1697 frontem
419 1634 674 1717 libertatemque
690 1636 848 1717 parentis

62 1765 146 1808 cum
163 1743 267 1807 facias
284 1743 398 1824 peiora
413 1762 516 1807 senex
533 1764 741 1825 vacuumque
758 1745 894 1807 cerebro

61 1851 134 1915 iam
153 1852 282 1933 pridem
299 1862 398 1933 caput
416 1852 479 1914 hoc
495 1861 636 1914 ventosa
653 1853 824 1916 cucurbita
840 1854 1000 1934 quaerat?

117 1960 264 2042 Hospite
279 1969 421 2023 venturo
438 1960 585 2023 cessabit
603 1981 701 2023 nemo
718 1969 862 2023 tuorum.

68 2081 186 2131 ‘verre
202 2068 440 2150 pavimentum,
459 2068 583 2131 nitidas
601 2070 742 2131 ostende
759 2069 941 2143 columnas,

67 2176 162 2240 arida
178 2197 253 2240 cum
270 2186 341 2241 tota
357 2177 539 2240 descendat
555 2198 677 2240 aranea
693 2176 780 2254 tela;

67 2284 124 2348 hic
140 2285 214 2348 leve
230 2294 417 2367 argentum,
435 2307 515 2349 vasa
530 2306 649 2368 aspera
664 2295 795 2367 tergeat
813 2285 914 2349 alter’

69 2414 133 2456 vox
149 2392 275 2456 domini
291 2393 373 2456 furit
391 2393 550 2457 instantis
567 2395 761 2476 virgamque
778 2395 936 2458 tenentis,

70 2522 150 2583 ergo
167 2501 269 2565 miser
286 2502 433 2583 trepidas
450 2523 493 2564 ne
511 2513 658 2566 stercore
674 2503 773 2565 foeda
789 2503 909 2565 canino

69 2610 153 2673 atria
169 2609 368 2691 displiceant
385 2610 492 2673 oculis
509 2610 676 2673 venientis
694 2610 800 2685 amici,

70 2738 112 2780 ne
128 2718 266 2800 perlusa
281 2717 352 2780 luto
370 2718 413 2781 sit
430 2718 587 2800 porticus,
608 2728 641 2780 et
658 2728 771 2781 tamen
790 2739 855 2781 uno

70 2826 219 2889 semodio
235 2826 347 2890 scobis
364 2827 445 2889 haec
463 2827 619 2889 emendat
638 2827 789 2889 servulus
807 2848 913 2890 unus:

69 2937 150 3001 illud
167 2959 234 3001 non
251 2938 366 3020 agitas,
387 2948 422 3001 ut
440 2949 591 3001 sanctam
608 2938 695 3001 filius
713 2938 803 3001 omni

69 3046 208 3128 aspiciat
226 3046 299 3109 sine
316 3046 391 3110 labe
408 3047 542 3109 domum
560 3046 709 3128 vitioque
726 3047 915 3109 carentem?

69 3164 200 3236 gratum
219 3164 271 3217 est
289 3155 377 3237 quod
393 3155 521 3236 patriae
538 3142 644 3218 civem
661 3154 853 3237 populoque
870 3155 1001 3230 dedisti,
1084 3183 1115 3231 70

69 3262 97 3325 si
113 3262 198 3326 facis
215 3272 252 3326 ut
268 3263 396 3344 patriae
413 3263 455 3325 sit
475 3264 625 3338 idoneus,
645 3263 738 3326 utilis
754 3263 853 3345 agris,

70 3369 160 3434 utilis
178 3379 212 3433 et
229 3371 392 3434 bellorum
410 3381 443 3434 et
460 3372 553 3453 pacis
570 3373 671 3435 rebus
689 3372 838 3454 agendis.
887 3388 890 3392 ’

68 3479 246 3561 plurimum
262 3481 351 3543 enim
365 3480 517 3543 intererit
530 3480 650 3563 quibus
661 3481 788 3545 artibus
800 3491 833 3543 et
845 3481 966 3563 quibus
977 3482 1065 3544 hunc
1076 3491 1114 3543 tu

69 3588 217 3652 moribus
235 3588 399 3652 instituas,
449 3598 606 3671 serpente
622 3589 751 3653 ciconia
767 3589 875 3671 pullos
