2422 4006
111 299 158 349 128
528 301 731 350 IVVENALIS

108 477 182 549 post
201 467 306 530 omnis
322 468 449 542 herbas,
469 478 542 550 post
561 478 680 530 cuncta
695 467 854 543 animalia,
873 469 1033 550 quidquid

110 576 247 658 cogebat
265 577 358 639 vacui
374 575 498 639 ventris
515 577 615 651 furor,
634 575 785 638 hostibus
803 575 881 657 ipsis
1103 605 1142 640 100

109 684 263 765 pallorem
280 704 318 746 ac
334 685 471 747 maciem
489 694 522 747 et
539 683 648 747 tenuis
665 678 897 747 miserantibus
915 695 1017 760 artus,

109 793 255 855 membra
271 793 376 855 aliena
392 793 479 855 fame
495 792 695 874 lacerabant,
714 812 788 856 esse
805 794 910 873 parati

110 911 141 964 et
160 922 227 965 sua.
277 901 425 983 quisnam
443 901 611 963 hominum
629 899 757 964 veniam
773 903 851 965 dare
867 901 982 984 quisve
998 903 1128 965 deorum

110 1008 245 1072 urbibus
261 1009 418 1073 abnueret
436 1008 506 1072 dira
522 1018 621 1092 atque
640 1008 783 1073 inmania
799 1011 904 1091 passis

110 1129 142 1181 et
159 1117 278 1200 quibus
296 1117 423 1180 illorum
441 1127 594 1199 poterant
612 1116 785 1199 ignoscere
801 1139 923 1192 manes
1109 1140 1171 1198 105

107 1247 247 1308 quorum
265 1225 453 1307 corporibus
470 1226 712 1290 vescebantur?
758 1225 874 1290 melius
891 1246 952 1289 nos

113 1334 253 1396 Zenonis
271 1344 445 1416 praecepta
461 1344 606 1409 monent,
624 1355 688 1399 nec
703 1333 791 1398 enim
807 1334 917 1398 omnia
933 1333 1065 1416 quidam

110 1464 169 1523 pro
185 1442 253 1505 vita
269 1442 418 1505 facienda
435 1453 561 1523 putant,
581 1444 640 1506 sed
657 1444 823 1507 Cantaber
840 1445 927 1506 unde

115 1549 247 1614 Stoicus
264 1549 390 1632 antiqui
406 1550 598 1631 praesertim
615 1561 724 1614 aetate
742 1551 892 1614 Metelli?

111 1679 200 1721 nunc
216 1669 307 1720 totus
326 1658 440 1722 Graias
457 1668 655 1740 nostrasque
671 1660 769 1722 habet
788 1659 877 1731 orbis
894 1660 1059 1736 Athenas,
1110 1683 1205 1726 119

112 1766 217 1831 Gallia
233 1766 415 1830 causidicos
431 1766 541 1829 docuit
559 1766 700 1829 facunda
718 1767 902 1841 Britannos,

111 1876 152 1938 de
170 1875 383 1938 conducendo
399 1874 542 1956 loquitur
559 1875 622 1937 iam
639 1876 770 1937 rhetore
786 1876 901 1959 Thyle.

112 1983 230 2045 nobilis
248 1982 301 2046 ille
317 1993 429 2046 tamen
446 1984 587 2064 populus
604 2005 700 2066 quem
718 1983 869 2059 diximus,
888 1995 920 2047 et
938 2005 997 2066 par

112 2091 234 2154 virtute
250 2102 350 2173 atque
367 2092 431 2154 fide
449 2093 506 2154 sed
523 2092 625 2155 maior
642 2093 733 2155 clade
752 2093 941 2176 Zacynthos

112 2200 177 2263 tale
194 2199 272 2283 quid
288 2212 443 2263 excusat:
467 2201 633 2263 Maeotide
650 2194 775 2264 saevior
791 2222 846 2264 ara
930 2288 932 2292 Ι

113 2309 299 2393 Aegyptos,
348 2308 469 2390 quippe
486 2308 539 2371 illa
555 2308 688 2372 nefandi
705 2308 844 2372 Taurica
860 2309 944 2373 sacri

114 2417 275 2480 inventrix
292 2416 442 2479 homines
453 2426 545 2479 —ut
564 2417 625 2479 iam
643 2438 726 2498 quae
744 2417 888 2481 carmina
903 2420 1037 2482 tradunt

112 2525 210 2608 digna
228 2526 292 2588 fide
309 2526 476 2588 credas—
487 2536 615 2588 tantum
634 2524 779 2588 immolat
794 2547 801 2602 ;
821 2525 957 2589 ulterius
975 2527 1020 2589 nil

112 2645 167 2697 aut
184 2633 316 2716 gravius
335 2634 439 2695 cultro
456 2633 550 2696 timet
568 2633 683 2696 hostia.
734 2632 807 2715 quis
824 2635 922 2697 modo
939 2655 1035 2698 casus

113 2742 228 2825 inpulit
246 2743 330 2803 hos?
378 2763 461 2824 quae
478 2753 571 2804 tanta
587 2742 691 2805 fames
710 2741 896 2823 infestaque
912 2743 1002 2807 vallo

112 2872 202 2914 arma
219 2861 397 2932 coegerunt
415 2861 483 2913 tam
500 2849 696 2912 detestabile
713 2861 897 2914 monstrum

112 2960 255 3022 audere?
302 2981 388 3022 anne
404 2959 499 3021 aliam
516 2969 603 3022 terra
622 2959 840 3040 Memphitide
857 2959 943 3023 sicca

113 3067 266 3130 invidiam
283 3068 430 3131 facerent
449 3067 574 3130 nolenti
592 3088 727 3149 surgere
745 3067 845 3130 Nilo?

113 3198 176 3259 qua
193 3197 255 3240 nec
270 3176 431 3239 terribiles
450 3175 575 3240 Cimbri
591 3199 653 3240 nec
670 3177 839 3240 Brittones
855 3198 1010 3260 umquam

114 3288 392 3367 Sauromataeque
402 3296 520 3349 truces
536 3296 591 3348 aut
611 3286 759 3349 inmanes
779 3285 968 3369 Agathyrsi,

113 3396 174 3458 hac
191 3394 293 3458 saevit
312 3393 401 3457 rabie
418 3394 538 3456 inbelle
555 3403 589 3456 et
607 3392 721 3456 inutile
738 3394 865 3475 vulgus,

113 3502 246 3586 parvula
264 3502 419 3565 fictilibus
437 3501 571 3565 solitum
588 3503 665 3565 dare
682 3501 754 3563 vela
771 3500 914 3582 phaselis

113 3622 144 3674 et
163 3610 317 3674 brevibus
334 3609 441 3692 pictae
458 3609 556 3673 remis
574 3609 763 3673 incumbere
779 3619 895 3674 testae.
