2422 4006
490 318 637 367 SATVRA
661 319 712 367 XV
1077 319 1123 370 125

86 496 247 549 osanctas
263 495 381 567 gentes
397 487 516 568 quibus
532 487 614 550 haec
631 497 813 550 nascuntur
830 488 862 550 in
879 487 984 551 hortis
1095 519 1125 554 10

84 595 233 658 numina!
281 592 398 656 lanatis
414 594 608 658 animalibus
624 594 769 658 abstinet
787 595 894 658 omnis

82 723 202 776 mensa,
221 701 315 765 nefas
332 701 396 764 illic
412 702 518 766 fetum
536 703 682 784 iugulare
701 703 864 784 capellae:

82 811 233 874 carnibus
248 810 400 873 humanis
418 812 506 874 vesci
523 811 608 874 licet.
658 812 800 874 attonito
818 833 892 875 curn

80 919 145 982 tale
162 939 261 1000 super
278 938 393 981 cenam
410 918 538 981 facinus
555 930 701 983 narraret
719 919 833 983 Vlixes

80 1027 230 1102 Alcinoo,
248 1026 347 1089 bilem
364 1037 420 1089 aut
438 1027 539 1089 risum
558 1027 699 1090 fortasse
716 1029 911 1110 quibusdam
1097 1061 1124 1112 15

80 1146 225 1198 moverat
244 1146 278 1198 ut
296 1136 436 1198 mendax
452 1135 648 1217 aretalogus
703 1136 753 1198 ‘in
770 1158 860 1200 mare
875 1159 973 1201 nemo

80 1245 168 1307 hunc
185 1243 408 1317 abicit‚·saeva
424 1243 559 1326 dignum
577 1266 719 1326 veraque
737 1247 910 1331 Charybdi,

80 1352 261 1434 fingentem
279 1352 426 1416 inmanes
446 1355 691 1439 Laestrygonas
708 1366 807 1436 atque
825 1356 1009 1440 Cyclopas?

80 1481 155 1522 nam
173 1460 268 1523 citius
288 1462 430 1544 Scyllam
446 1462 499 1525 vel
517 1464 744 1526 concurrentia
761 1484 837 1526 saxa

82 1568 223 1653 Cyaneis
239 1569 354 1650 plenos
371 1580 403 1632 et
421 1570 673 1650 tempestatibus
691 1582 781 1635 utres

82 1676 271 1740 crediderim
288 1688 343 1739 aut
362 1680 453 1740 tenui
470 1699 664 1759 percussum
684 1680 821 1743 verbere
839 1679 950 1769 Circes

81 1795 111 1847 et
130 1805 205 1847 cum
224 1785 400 1867 remigibus
416 1787 593 1868 grunnisse
612 1788 778 1869 Elpenora
793 1787 910 1870 porcis.

79 1903 146 1955 tarn
164 1894 257 1955 vacui
275 1893 390 1974 capitis
407 1896 563 1975 populum
583 1897 730 1960 Phaeaca
746 1896 872 1978 putavit
886 1898 914 1959 ?'

80 2000 127 2064 sic
143 2001 258 2082 aliquis
275 2002 392 2065 merito
410 2005 555 2067 nondum
574 2005 684 2069 ebrius
702 2016 734 2068 et
753 2006 923 2068 minimum
940 2007 996 2087 qui

79 2111 120 2172 de
138 2109 321 2193 Corcyraea
337 2122 497 2175 temetum
516 2114 651 2176 duxerat
672 2135 767 2189 urna;
858 2194 860 2199 Ι
1094 2144 1125 2195 ²5

80 2217 168 2279 solus
186 2217 273 2280 enim
290 2220 372 2282 haec
391 2222 525 2284 Ithacus
542 2222 633 2284 nullo
652 2223 713 2284 sub
732 2233 818 2286 teste
835 2223 980 2286 canebat.

79 2346 139 2388 nos
156 2325 303 2390 miranda
318 2328 450 2409 quidem
468 2332 525 2393 sed
543 2350 647 2411 nuper
664 2330 799 2392 consule
817 2332 920 2393 lunco

78 2443 175 2514 gesta
192 2455 291 2515 super
307 2436 429 2500 calidae
447 2438 628 2501 referemus
645 2439 773 2501 moenia
791 2438 898 2519 Copti,

79 2562 140 2604 nos
156 2542 245 2624 vulgi
263 2544 370 2606 scelus
388 2555 419 2608 et
439 2547 566 2609 cunctis
582 2547 731 2629 graviora
749 2547 937 2622 cothurnis;

79 2670 155 2712 nam
188 2651 304 2725 scelus,
334 2672 353 2713 a
387 2654 510 2736 Pyrrha
542 2675 739 2735 quamquam
773 2654 880 2717 omnia
913 2666 1055 2739 syrmata

170 2759 290 2834 volvas,
1093 2785 1124 2834 30

79 2867 188 2929 nullus
206 2869 291 2947 apud
309 2868 451 2950 tragicos
469 2871 610 2951 populus
628 2869 714 2933 facit.
765 2871 876 2952 accipe
893 2881 1007 2933 nostro

78 2975 147 3038 dira
163 2977 250 3057 quod
268 2978 452 3057 exemplum
470 2978 584 3041 feritas
600 2979 788 3059 produxerit
805 2999 893 3042 aevo.

126 3084 218 3147 Inter
235 3086 391 3149 finitimos
409 3098 504 3150 vetus
522 3098 621 3168 atque
637 3085 772 3168 antiqua
789 3085 946 3161 simultas

80 3191 251 3258 inmortale
269 3196 378 3257 odium
397 3207 430 3258 et
447 3217 626 3278 numquam
645 3196 790 3258 sanabile
807 3196 926 3258 vulnus

78 3303 170 3367 ardet
183 3306 300 3380 adhuc,
322 3305 448 3369 Ombos
466 3317 498 3369 et
517 3306 673 3389 Tentyra.
727 3324 875 3367 summus
893 3303 1056 3386 utrimque
1092 3333 1122 3384 35

79 3410 154 3475 inde
170 3412 261 3475 furor
276 3415 384 3496 vulgo,
403 3416 490 3496 quod
508 3415 642 3478 numina
658 3414 837 3477 vicinorum

80 3519 146 3590 odit
163 3531 301 3602 uterque
318 3522 419 3597 locus,
439 3544 513 3586 cum
531 3522 618 3584 solos
637 3522 746 3585 credat
764 3521 932 3585 habendos

80 3647 152 3692 esse
168 3630 248 3693 deos
264 3651 347 3711 quos
364 3631 435 3711 ipse
452 3629 536 3693 colit.
586 3632 644 3694 sed
660 3640 808 3711 tempore
824 3630 911 3693 festo
