2422 4006
88 287 104 337 8
513 289 715 337 IVVENALIS

88 457 163 538 quis
182 457 309 519 caelum
327 456 425 519 terris
442 477 510 519 non
528 457 666 520 misceat
685 467 718 519 et
736 479 826 522 mare
844 460 944 534 caelo,
1103 483 1132 534 ²5

89 565 117 626 si
133 565 188 627 fur
204 564 378 646 displiceat
396 564 504 639 Verri,
521 564 687 628 homicida
705 566 833 642 Miloni,

90 672 227 736 Clodius
243 682 379 736 accuset
397 673 563 748 moechos,
585 673 731 736 Catilina
748 674 946 758 Cethegum,

88 781 122 843 in
139 781 287 844 tabulam
308 781 421 844 Sullae
439 782 468 844 si
485 782 597 845 dicant
616 782 770 865 discipuli
788 794 856 846 tres
871 784 900 845 ?'

87 890 194 971 qualis
212 899 282 952 erat
300 910 406 972 nuper
422 890 552 972 tragico
569 891 718 973 pollutus
735 892 864 954 adulter

88 999 277 1073 concubitu,
297 999 353 1080 qui
370 1008 450 1062 tunc
467 999 559 1080 leges
577 1001 753 1063 revocabat
771 1021 900 1064 amaras
1100 1026 1131 1074 30

87 1107 241 1169 omnibus
258 1116 363 1194 atque,
375 1107 456 1189 ipsis
474 1107 600 1170 Veneri
620 1110 789 1191 Martique
807 1109 982 1184 timendas,

87 1235 161 1278 cum
180 1225 229 1277 tot
248 1215 407 1278 abortivis
424 1216 603 1279 fecundam
623 1217 706 1279 Iulia
723 1217 854 1280 vulvam

86 1323 230 1386 solveret
248 1333 281 1386 et
299 1333 417 1406 patruo
434 1324 561 1410 similes
579 1325 768 1387 effunderet
786 1326 880 1388 offas.

86 1451 197 1494 nonne
215 1432 317 1514 igitur
334 1431 404 1494 iure
421 1453 458 1495 ac
477 1433 596 1495 merito
613 1433 694 1494 vitia
711 1433 828 1494 ultima
845 1435 941 1497 fictos

86 1549 305 1602 contemnunt
326 1539 468 1603 Scauros
485 1550 518 1603 et
536 1541 701 1621 castigata
718 1541 932 1603 remordent?
1019 1554 1021 1557 ’
1097 1565 1127 1616 35

133 1649 210 1710 Non
225 1648 301 1741 tulit
320 1669 359 1710 ex
377 1648 440 1711 illis
458 1658 588 1711 torvum
608 1649 751 1711 Laronia
768 1651 933 1731 quendam

85 1756 283 1820 clamantem
301 1757 426 1820 totiens
445 1757 521 1820 ‘ubi
538 1778 627 1821 nunc
644 1756 697 1819 lex
716 1757 823 1820 Iulia?
857 1758 980 1820 dormis
994 1758 1023 1819 ?’
1119 1782 1121 1787 ¹

84 1874 184 1947 atque
201 1866 248 1928 ita
265 1866 460 1928 subridens:
487 1865 618 1929 ‘felicia
635 1876 795 1948 tempora,
815 1886 900 1949 quae
917 1876 951 1928 te

84 1973 232 2036 moribus
249 1984 432 2056 opponunt.
483 1974 604 2037 habeat
623 1974 687 2036 iam
707 1975 813 2036 Roma
830 1976 1001 2054 pudorem,

83 2081 203 2144 tertius
221 2102 239 2145 e
257 2076 346 2145 caelo
364 2082 482 2145 cecidit
500 2081 594 2145 Cat0.
645 2082 703 2144 sed
720 2091 832 2144 tamen
850 2084 937 2144 unde
1094 2108 1126 2151 40

83 2190 164 2254 haec
182 2191 276 2265 emis,
295 2190 424 2253 hirsuto
442 2190 568 2272 spirant
586 2190 799 2272 opobalsama
816 2190 901 2253 collo

82 2319 166 2380 quae
183 2299 268 2362 tibi?
300 2319 343 2362 ne
360 2300 482 2381 pudeat
500 2299 672 2361 dominum
690 2307 876 2360 monstrare
894 2299 1061 2363 tabernae.

82 2409 170 2489 quod
187 2409 215 2470 si
231 2416 393 2470 vexantur
410 2407 502 2490 leges
519 2428 558 2470 ac
576 2407 654 2481 iura,
674 2407 767 2469 citari

81 2525 159 2578 ante
176 2536 293 2578 omnes
310 2516 409 2579 debet
430 2515 608 2578 Scantinia.
659 2515 788 2597 respice
805 2515 947 2595 primum

82 2634 115 2686 et
133 2635 283 2687 scrutare
299 2624 397 2688 viros.
447 2624 573 2686 faciunt
592 2623 626 2685 hi
643 2624 747 2705 plura,
766 2625 825 2685 sed
842 2623 916 2685 illos
1092 2646 1124 2696 45

81 2732 231 2795 defendit
250 2753 408 2795 numerus
426 2732 626 2814 iunctaeque
644 2733 788 2794 umbone
806 2731 996 2812 phalanges.

81 2861 201 2924 magna
219 2841 305 2903 inter
322 2840 439 2903 molles
457 2840 642 2904 concordia.
693 2861 759 2902 non
778 2840 840 2902 erit
858 2839 960 2901 ullum

80 2950 268 3031 exemplum
287 2949 320 3011 in
338 2959 455 3013 nostro
472 2958 541 3011 tam
559 2948 758 3011 detestabile
776 2968 865 3010 sexu.

81 3059 192 3121 Mevia
209 3078 275 3120 non
294 3057 409 3120 lambit
429 3057 580 3120 Cluviam
599 3077 660 3119 nec
679 3057 777 3119 Flora
796 3056 981 3118 Catullam:

81 3167 191 3249 Hispo
208 3166 298 3229 subit
316 3165 452 3228 iuvenes
471 3175 504 3227 et
523 3166 639 3228 morbo
657 3165 757 3247 pallet
775 3173 925 3245 utroque.
1092 3186 1122 3236 50

80 3275 239 3358 numquid
258 3295 320 3337 nos
336 3274 467 3356 agimus
484 3295 610 3347 causas,
630 3273 826 3336 civiliaiura

80 3384 232 3446 novimus
248 3392 306 3446 aut
323 3382 390 3445 ullo
409 3383 552 3464 strepitu
569 3382 642 3445 fora
658 3392 770 3444 vestra
788 3382 983 3443 movemus?

79 3491 249 3554 luctantur
266 3500 400 3573 paucae,
419 3490 599 3553 comedunt
617 3489 770 3574 colyphia
787 3510 920 3570 paucae.

79 3620 138 3661 vos
155 3599 263 3661 lanam
281 3599 412 3661 trahitis
430 3598 637 3681 calathisque
654 3606 789 3680 peracta
806 3598 938 3660 refertis
