2422 4006
488 295 635 343 SATVRA
660 295 703 342 111

473 527 636 589 SATVRA.
663 537 708 587 111

72 689 237 772 Quamvis
254 688 408 770 digressu
425 687 549 751 veteris
567 688 729 751 confusus
746 688 853 763 amici,

70 797 170 860 laudo
188 807 301 860 tamen
318 796 432 860 vacuis
449 797 537 878 quod
555 796 668 860 sedem
688 797 789 879 figere
809 796 925 859 Cumis

72 906 219 968 destinet
237 914 338 987 atque
356 925 459 967 unum
477 905 582 967 civem
600 906 725 967 donare
744 904 898 988 Sibyllae.

71 1015 173 1077 ianua
190 1014 343 1076 Baiarum
362 1022 414 1076 est
432 1022 466 1076 et
483 1024 614 1095 gratum
633 1013 712 1075 litus
729 1014 861 1076 amoeni

72 1142 238 1186 secessus,
288 1142 351 1204 ego
368 1122 420 1184 vel
439 1121 638 1205 Prochytam
656 1141 824 1204 praepono
843 1121 1013 1197 Suburae;
1103 1143 1117 1194 5

71 1252 150 1294 nam
167 1231 247 1314 quid
264 1241 331 1293 tam
350 1230 519 1304 miserum,
539 1239 607 1293 tam
625 1230 734 1293 solum
752 1230 905 1304 vidimus,
925 1240 961 1292 ut
980 1251 1046 1293 non

71 1340 221 1403 deterius
238 1341 354 1403 credas
372 1340 508 1402 horrere
525 1338 688 1413 incendia,
706 1339 819 1421 lapsus
950 1324 962 1329 ’

71 1457 238 1512 tectorum
255 1447 412 1512 adsiduos
429 1468 467 1511 ac
484 1447 574 1510 mille
591 1447 738 1529 pericula
755 1467 873 1510 saevae

72 1556 166 1620 urbis
183 1565 216 1619 et
230 1555 390 1638 Augusto
407 1555 588 1618 recitantes
606 1575 722 1619 mense
739 1556 878 1637 poetas?

72 1665 134 1728 sed
150 1665 228 1727 dum
242 1674 314 1727 tota
329 1665 448 1727 domus
465 1665 564 1727 raeda
581 1664 791 1746 componitur
808 1685 882 1738 una,
1086 1685 1116 1720 10

72 1772 225 1836 substitit
242 1772 284 1836 ad
301 1780 433 1835 veteres
449 1793 545 1835 arcus
562 1772 794 1854 madidamque
812 1772 990 1854 Capenam.

71 1881 127 1943 hic
144 1881 200 1944 ubi
217 1889 401 1944 nocturnae
419 1881 530 1942 Numa
547 1869 773 1944 constituebat
790 1881 925 1955 amicae,

70 2010 163 2052 nunc
180 1989 264 2052 sacri
280 1988 386 2051 fontis
403 2008 521 2051 nemus
539 1997 572 2051 et
590 1988 727 2052 delubra
743 1988 895 2069 locantur
923 2004 957 2035 ··'

72 2097 207 2160 Iudaeis
223 2117 363 2180 quorum
382 2096 546 2179 cophinus
562 2097 765 2179 faenumque
782 2097 930 2179 supellex
946 2120 953 2168 3

70 2206 181 2268 omnis
198 2205 287 2269 enim
304 2205 427 2288 populo
444 2205 631 2269 mercedem
650 2207 797 2287 pendere
815 2204 905 2268 iussa
922 2215 973 2267 est
1085 2226 1114 2278 ις

69 2315 169 2377 arbor
185 2324 218 2376 et
238 2314 354 2377 eiectis
372 2314 539 2377 mendicat
558 2313 639 2376 silva
657 2313 823 2377 Camenis,

68 2424 105 2484 in
122 2423 240 2485 vallem
260 2422 401 2504 Egeriae
418 2423 653 2485 descendimus
671 2432 704 2484 et
723 2422 900 2504 speluncas

68 2530 249 2594 dissimiles
266 2531 363 2594 veris.
412 2541 539 2613 quanto
555 2531 767 2613 praesentius
784 2541 872 2594 esset

68 2659 195 2702 numen
212 2638 317 2720 aquis,
335 2638 431 2701 viridi
450 2639 478 2702 si
496 2639 644 2722 margine
662 2638 811 2702 eluderet
829 2641 934 2702 undas

68 2748 173 2810 herba
190 2767 252 2811 nec
270 2747 453 2829 ingenuum
470 2747 632 2837 violarent
650 2767 814 2810 marmora
830 2748 948 2810 tolum.
1083 2769 1113 2804 20

117 2855 184 2918 Hic
197 2863 278 2918 tunc
291 2855 483 2918 Vmbricius
500 2836 648 2937 ‘quando
661 2855 805 2919 artibus’
822 2855 928 2938 inquit
945 2856 1112 2918 ‘honestis

68 2962 180 3025 nullus
195 2963 232 3032 ¹in
249 2963 332 3025 urbe
349 2963 451 3038 locus,
471 2963 562 3026 nulla
578 2963 805 3026 emolumenta
821 2963 980 3037 laborum,

67 3091 121 3134 res
139 3071 238 3134 hodie
256 3071 365 3133 minor
378 3081 429 3134 est
447 3071 527 3134 here
543 3091 641 3155 quam
659 3073 733 3146 fuit,
752 3082 854 3154 atque
871 3072 986 3134 eadem
1005 3091 1077 3134 cras

66 3182 198 3244 deteret
216 3180 345 3262 exiguis
362 3180 495 3263 aliquid,
515 3181 731 3263 proponimus
749 3179 827 3242 illuc
918 3185 923 3198 ‘

66 3281 115 3344 ire
131 3281 291 3364 fatigatas
308 3281 366 3345 ubi
385 3282 553 3345 Daedalus
571 3283 661 3346 exuit
679 3282 756 3356 alas,
1081 3300 1112 3354 25

66 3390 146 3453 dum
164 3410 250 3454 nova
266 3390 416 3466 canities,
435 3393 515 3455 dum
532 3392 638 3479 prima
654 3401 687 3453 et
705 3399 798 3453 recta
815 3398 982 3463 senectus,

65 3500 146 3563 dum
164 3508 318 3581 superest
337 3500 481 3563 Lachesi
499 3501 586 3582 quod
603 3507 767 3582 torqueat,
787 3507 820 3560 et
838 3498 979 3580 pedibus
997 3517 1049 3560 me

65 3615 165 3690 porto
182 3607 266 3669 meis
283 3606 374 3669 nullo
392 3608 541 3670 dextram
559 3607 724 3670 subeunte
740 3606 870 3672 bacillo
