2422 4006
485 244 631 293 SATVRA
656 247 707 292 XV

76 432 134 476 nec
151 433 291 494 poenam
310 411 426 475 sceleri
443 412 590 476 invenies
607 434 669 476 nec
685 413 785 496 digna
801 414 930 496 parabis

75 519 235 603 supplicia
250 519 302 582 his
319 519 456 601 populis,
476 519 508 583 in
526 541 664 602 quorum
681 532 795 585 mente
811 543 906 604 pares
924 533 1001 586 sunt
1075 553 1121 604 130

73 640 103 693 et
122 627 248 693 similes
266 627 311 690 ira
327 638 427 710 atque
443 629 557 692 fames.
610 629 804 694 Mollissima
821 632 918 696 corda

70 738 219 801 humano
234 735 349 818 generi
364 738 443 800 dare
460 757 495 800 se
512 748 629 801 natura
644 738 776 813 fatetur,

69 867 158 930 quae
174 843 324 908 lacrimas
341 844 430 908 dedit
439 866 447 922 ;
471 846 553 909 haec
568 846 674 909 nostri
690 868 766 928 pars
783 847 907 929 optima
924 869 1049 913 sensus

67 955 203 1037 plorare
220 974 299 1035 ergo
316 952 405 1016 iubet
424 974 555 1016 causam
572 953 713 1017 dicentis
729 955 826 1018 amici

66 1062 327 1146 squaloremque
343 1060 400 1137 rei,
418 1061 577 1143 pupillum
593 1063 635 1126 ad
652 1062 722 1126 iura
736 1075 911 1128 vocantem
1076 1093 1121 1144 135

66 1168 405 1250 circumscriptorem,
425 1169 517 1233 cuius
534 1171 701 1234 manantia
717 1171 798 1234 fletu

67 1301 132 1343 ora
148 1278 312 1360 puellares
329 1277 453 1341 faciunt
472 1277 598 1343 incerta
614 1279 730 1361 capilli.

69 1398 214 1451 naturae
230 1385 366 1468 imperio
381 1386 545 1468 gemimus
563 1408 637 1450 cum
655 1388 755 1451 funus
771 1390 901 1452 adultae

70 1495 212 1580 virginis
230 1493 371 1557 occurrit
388 1493 440 1557 vel
457 1505 545 1558 terra
563 1495 723 1558 clauditur
740 1495 848 1560 infans

73 1616 109 1670 et
128 1602 234 1667 minor
251 1602 327 1684 igne
344 1603 422 1684 rogi.
473 1603 545 1684 quis
563 1603 650 1666 enim
667 1604 774 1667 bonus
791 1615 824 1668 et
841 1606 914 1670 face
930 1606 1049 1689 dignus
1076 1636 1122 1682 140

74 1733 203 1787 arcana,
222 1711 351 1792 qualem
370 1711 500 1774 Cereris
517 1712 586 1774 vult
604 1732 678 1774 esse
696 1715 858 1789 sacerdos,

67 1821 143 1908 lulla
158 1819 263 1884 aliena
281 1818 342 1881 sibi
360 1819 461 1882 credit
480 1819 590 1882 mala?
637 1832 765 1901 separat
785 1823 847 1885 hoc
863 1843 924 1884 nos

75 1952 95 1994 a
111 1949 213 2012 grege
230 1937 406 2002 mutorum,
424 1938 525 2009 atque
543 1928 614 1990 ideo
631 1929 818 1993 venerabile
835 1930 894 1993 soli

76 2036 185 2101 sortiti
202 2035 370 2118 ingenium
387 2035 638 2118 divinorumque
655 2058 791 2118 capaces

75 2156 177 2228 atque
193 2143 384 2208 exercendis
402 2143 633 2225 pariendisque
649 2144 774 2207 artibus
791 2146 859 2227 apti
1076 2177 1105 2223 14
1109 2176 1122 2227 5

77 2275 211 2317 sensum
228 2275 247 2316 a
264 2251 398 2316 caelesti
414 2251 594 2314 demissum
610 2253 768 2314 traximus
784 2274 858 2317 arce
1023 2322 1130 2347 *d

78 2362 169 2433 cuius
187 2372 285 2444 egent
305 2381 407 2441 prona
425 2370 457 2422 et
476 2370 596 2422 terram
615 2361 808 2441 spectantia.
826 2303 1022 2426 simmdss—

76 2469 235 2553 principio
253 2468 386 2531 indulsit
406 2467 590 2531 communis
609 2469 758 2531 conditor
775 2469 836 2532 illis

76 2584 206 2643 tantum
223 2577 356 2651 animas
376 2577 471 2639 nobis
488 2576 635 2640 animum
652 2598 792 2659 quoque,
810 2589 945 2642 mutuus
962 2589 998 2642 ut
1015 2599 1076 2641 nos

76 2687 227 2751 adfectus
245 2695 357 2767 petere
374 2685 528 2748 auxilium
547 2696 579 2748 et
598 2695 766 2766 praestare
783 2685 917 2761 iuberet,
1076 2716 1122 2767 150

76 2795 242 2876 dispersos
259 2794 390 2857 trahere
407 2793 439 2855 in
457 2794 622 2874 populum,
642 2793 782 2876 migrare
797 2805 930 2858 vetusto

77 2905 117 2966 de
134 2923 268 2966 nemore
284 2912 316 2964 et
335 2901 464 2982 proavis
482 2901 646 2964 habitatas
664 2901 813 2984 linquere
831 2904 937 2980 silvas,

76 3011 247 3075 aedificare
264 3012 388 3084 domos,
408 3011 529 3073 laribus
547 3010 747 3093 coniungere
763 3013 885 3076 nostris

76 3131 203 3183 tectum
219 3119 316 3194 aliud,
335 3130 426 3182 tutos
444 3120 552 3182 vicino
569 3119 681 3182 limine
699 3141 832 3184 somnos

77 3239 112 3291 ut
131 3229 248 3292 collata
264 3232 355 3294 daret
373 3231 498 3305 fiducia,
519 3241 692 3313 protegere
708 3230 806 3293 armis

76 3339 204 3419 lapsum
221 3351 276 3403 aut
295 3340 422 3423 ingenti
439 3350 612 3402 nutantem
629 3339 765 3401 vulnere
783 3338 895 3415 civem,

78 3450 243 3514 communi
259 3451 336 3513 dare
354 3448 447 3531 signa
463 3448 551 3521 tuba,
571 3446 742 3510 defendier
758 3446 861 3509 isdem

76 3559 222 3622 turribus
238 3568 337 3639 atque
355 3578 419 3620 una
435 3566 602 3636 portarum
622 3554 712 3617 clave
728 3554 842 3618 teneri.
