2422 4006
35 273 40 284 '
124 281 172 330 106
539 283 743 332 IVVENALIS

122 449 312 512 Thebarum
330 459 445 530 portae
462 449 514 512 vel
531 450 644 513 divitis
661 451 750 514 ostia
768 451 847 516 Nili.

122 577 210 620 nunc
227 566 319 620 aetas
336 557 447 639 agitur
462 557 642 640 peioraque
660 559 793 622 saecula
807 560 889 623 ferri

121 664 337 747 temporibus,
356 686 495 748 quorum
514 666 632 730 sceleri
650 688 716 730 non
734 668 862 731 invenit
879 668 953 751 ipsa

121 793 243 836 nomen
260 783 294 837 et
311 794 331 837 a
347 774 438 838 nullo
455 775 565 857 posuit
583 785 703 839 natura
718 776 863 840 metallo

122 902 182 944 nos
199 882 372 945 hominum
390 883 570 965 divumque
588 884 688 946 fidem
706 884 849 948 clamore
866 885 1003 961 eiemus,

120 1000 246 1072 quanto
264 991 455 1054 Faesidium
472 991 584 1054 laudat
601 992 725 1055 vocalis
742 1003 898 1075 agentem

121 1099 291 1180 sportula?
340 1099 402 1174 dic,
422 1100 533 1162 senior
549 1099 639 1163 bulla
655 1101 860 1182 dignissime,
879 1103 992 1166 nescis

120 1228 202 1288 quas
219 1208 339 1270 babeat
356 1228 495 1271 veneres
511 1209 621 1271 aliena
636 1209 801 1290 pecunia?
849 1211 960 1274 nescis

119 1335 218 1397 quem
235 1325 293 1379 tua
310 1317 506 1398 simplicitas
523 1316 627 1380 risum
644 1318 745 1399 vulgo
762 1329 903 1394 moveat,
924 1340 1000 1382 cum
1129 1346 1154 1399 35

120 1423 226 1506 exigis
243 1445 262 1487 a
278 1445 443 1506 quoquam
462 1445 504 1487 ne
521 1425 648 1507 peieret
666 1435 699 1488 et
717 1435 813 1506 putet
831 1426 906 1489 ullis

121 1552 195 1595 esse
213 1532 346 1614 aliquod
363 1552 488 1595 numen
506 1533 640 1615 templis
658 1553 800 1615 araeque
817 1535 976 1598 rubenti?

120 1641 287 1722 quondam
304 1641 367 1703 hoc
385 1641 564 1722 indigenae
581 1641 739 1705 vivebant
756 1662 857 1718 more,
875 1643 1068 1726 priusquam

121 1759 268 1812 sumeret
285 1759 453 1832 agrestem
470 1749 580 1830 posito
597 1750 785 1813 diademate
800 1751 920 1814 falcem

122 1856 287 1920 Saturnus
304 1858 450 1940 fugiens,
469 1868 550 1921 tunc
568 1879 643 1921 cum
660 1858 857 1941 virguncula
875 1859 959 1922 Iuno
1131 1889 1159 1936 40

121 1974 154 2027 et
171 1966 319 2046 privatus
337 1967 444 2029 adhuc
463 1967 572 2029 Idaeis
590 1967 742 2048 Iuppiter
757 1968 872 2043 antris,

120 2073 212 2136 nulla
228 2094 328 2155 super
345 2076 452 2137 nubes
470 2074 622 2137 convivia
638 2074 867 2138 caelicolarum

121 2202 182 2245 nec
200 2202 282 2264 puer
301 2182 422 2245 Iliacus
439 2182 586 2245 formosa
603 2203 666 2246 nec
684 2183 843 2247 Herculis
861 2204 943 2246 uxor

120 2291 161 2353 ad
179 2291 326 2375 cyathos
346 2291 447 2353 etiam
465 2286 589 2354 siccato
607 2301 744 2354 nectare
760 2301 897 2373 tergens

121 2399 273 2461 bracchia
289 2398 462 2462 Vulcanus
482 2400 643 2481 Liparaea
658 2400 754 2481 nigra
770 2400 909 2463 taberna
918 2421 934 2476 ;‚
1134 2422 1163 2473 45

119 2507 304 2588 prandebat
323 2507 387 2569 sibi
404 2508 546 2589 quisque
563 2509 655 2583 deus,
674 2529 736 2571 nec
753 2509 852 2572 turba
868 2509 1004 2571 deorum

120 2615 196 2678 talis
214 2625 250 2678 ut
268 2625 319 2678 est
337 2616 445 2690 hodie,
464 2626 689 2698 contentaque
708 2617 815 2679 sidera
832 2617 947 2698 paucis

120 2724 314 2787 numinibus
332 2724 490 2786 miserum
508 2725 673 2805 urgebant
691 2724 834 2787 Atlanta
850 2724 971 2787 minori

120 2833 286 2914 pondere;
310 2834 459 2895 nondum
476 2832 595 2914 aliquis
613 2833 754 2895 sortitus
772 2833 869 2896 triste
882 2833 1039 2915 profundi

121 2942 296 3023 imperium
314 2950 371 3003 aut
390 2939 506 3010 Sicula,
519 2950 636 3003 torvus
654 2961 729 3003 cum
747 2942 890 3022 coniuge
907 2941 1038 3017 Pluton,
1136 2970 1165 3023 50

121 3071 181 3113 nec
199 3059 272 3112 rota
289 3069 350 3112 nec
370 3049 491 3111 Furiae
508 3069 569 3112 nec
587 3070 702 3111 saxum
720 3059 776 3112 aut
793 3050 935 3113 vulturis
953 3051 1017 3113 atri

120 3179 237 3239 poena,
257 3160 315 3220 sed
333 3158 473 3220 infernis
490 3157 611 3219 hilares
630 3158 702 3219 sine
719 3159 853 3239 regibus
871 3159 1017 3222 umbrae.

120 3267 304 3348 inprobitas
323 3267 379 3329 illo
396 3267 459 3328 fuit
477 3265 680 3329 admirabilis
697 3286 778 3329 aevo

120 3376 300 3438 credebant
318 3395 384 3456 quo
401 3376 527 3456 grande
544 3375 639 3437 nefas
656 3385 689 3437 et
709 3385 815 3437 morte
832 3375 989 3456 piandum

121 3484 149 3546 si
166 3484 295 3546 iuvenis
313 3483 426 3545 vetulo
444 3504 509 3545 non
528 3484 760 3546 adsurrexerat
779 3494 811 3546 et
830 3484 857 3545 si

121 3593 259 3655 barbato
277 3591 474 3673 cuicumque
492 3612 584 3673 puer,
603 3591 681 3655 licet
700 3593 772 3672 ipse
789 3592 916 3654 videret
