2422 4006
512 279 658 327 SATVRA
684 279 696 326 1

79 450 229 512 Pallante
247 458 280 511 et
299 447 425 511 Licinis
441 445 470 508 ?·’
504 455 701 528 exspectent
720 466 799 529 ergo
817 448 950 523 tribuni,

77 558 214 620 vincant
232 555 376 628 divitiae,
396 574 490 618 sacro
507 574 550 616 ne
568 554 664 618 cedat
682 554 800 617 honori
1077 577 1123 613 no

78 685 188 747 nuper
205 665 238 726 in
255 664 342 727 hanc
359 663 475 726 urbem
489 662 630 744 pedibus
648 662 705 744 qui
722 674 859 728 venerat
876 665 969 740 albis,

78 773 348 856 quandoquidem
367 772 455 835 inter
472 791 532 833 nos
551 771 764 835 sanctissima
781 772 968 837 divitiarum

79 882 249 957 maiestas,
268 881 333 944 etsi
347 881 483 943 funesta
499 880 639 961 pecunia
656 880 782 962 templo

79 992 229 1054 nondum
247 990 386 1065 habitat,
407 988 513 1051 nullas
531 1009 743 1052 nummorum
762 990 926 1053 ereximus
943 1011 1026 1064 aras

80 1109 118 1161 ut
136 1099 256 1163 colitur
274 1099 339 1162 Pax
355 1107 457 1180 atque
475 1097 575 1160 Fides
592 1097 744 1161 Victoria
761 1098 878 1162 Virtus
1078 1129 1122 1181 115

79 1227 233 1290 quaeque
250 1207 392 1270 salutato
409 1205 550 1287 crepitat
569 1205 757 1270 Concordia
773 1207 859 1270 nido,

80 1316 141 1378 sed
160 1337 234 1380 cum
253 1335 402 1379 summus
420 1314 526 1377 honor
543 1314 638 1378 linito
656 1324 816 1397 conputet
834 1335 930 1390 ann0,

80 1424 230 1506 sportula
248 1423 327 1506 quid
344 1422 476 1498 referat,
495 1432 657 1506 quantum
676 1423 860 1487 rationibus
876 1425 984 1500 addat,

79 1533 162 1615 quid
177 1532 304 1596 facient
322 1532 469 1606 comites,
489 1532 610 1614 quibus
628 1531 707 1595 hinc
723 1541 811 1614 toga,
831 1533 961 1597 calceus
978 1534 1056 1598 hinc
1073 1544 1123 1597 est

80 1651 116 1703 et
134 1641 228 1723 panis
245 1641 425 1723 fumusque
442 1640 556 1702 domi?
591 1641 792 1704 densissima
809 1652 943 1705 centum
1045 1642 1050 1658 '
1079 1665 1124 1700 120

80 1749 283 1832 quadrantes
300 1749 419 1814 lectica
436 1748 531 1831 petit,
551 1748 767 1831 sequiturque
784 1750 938 1812 maritum

80 1858 238 1940 languida
254 1858 307 1921 vel
324 1877 488 1940 praegnas
505 1867 539 1920 et
557 1857 817 1921 circumducitur
833 1879 922 1922 uxor.

58 2024 62 2029 .
81 1966 137 2030 hic
154 1967 240 2047 petit
257 1966 390 2030 absenti
407 1975 487 2029 nota
503 1966 566 2028 iam
585 1965 724 2029 callidus
741 1977 813 2029 arte

80 2075 265 2138 ostendens
281 2094 418 2138 vacuam
436 2083 470 2136 et
488 2073 634 2137 clausam
652 2095 712 2156 pro
730 2075 872 2156 coniuge
890 2075 1015 2139 sellam.

84 2182 201 2245 ‘Galla
217 2203 291 2246 mea
307 2181 378 2245 est'
398 2182 516 2264 inquit,
538 2181 655 2246 ‘citius
672 2182 813 2245 dimitte.
863 2185 1024 2246 moraris?
1080 2205 1123 2255 125

81 2290 205 2371 profer,
226 2290 329 2365 Galla,
350 2300 458 2372 caput.
509 2290 577 2353 noli
592 2311 723 2364 vexare,
741 2291 913 2372 quiescet.'

131 2399 209 2480 Ipse
225 2399 296 2461 dies
314 2398 451 2480 pulchro
468 2398 686 2480 distinguitur
703 2399 817 2461 ordine
834 2421 964 2462 rerum:

82 2506 242 2588 sportula,
260 2507 381 2568 deinde
399 2506 509 2569 iorum
527 2506 674 2588 iurisque
690 2507 817 2587 peritus
834 2507 957 2589 Apollo

81 2625 184 2697 atque
201 2613 428 2696 triumphales,
448 2615 536 2677 inter
552 2635 634 2696 quas
651 2635 753 2678 ausus
770 2616 892 2678 habere

83 2722 197 2786 nescio
214 2722 289 2804 quis
306 2722 424 2785 titulos
441 2722 632 2806 Aegyptius
650 2732 750 2805 atque
767 2723 988 2799 Arabarches
1079 2747 1125 2796 130

83 2831 179 2894 cuius
196 2831 238 2893 ad
255 2830 400 2912 effigiem
416 2851 483 2893 non
502 2840 633 2894 tantum
652 2831 773 2894 meiere
790 2832 841 2894 fas
859 2841 921 2895 est.

81 2938 259 3002 vestibulis
279 2939 403 3002 abeunt
423 2948 555 3002 veteres
574 2939 718 3021 lassique
736 2939 876 3003 clientes

82 3056 227 3129 votaque
244 3047 427 3128 deponunt,
446 3067 644 3128 quamquam
661 3047 855 3128 longissima
872 3070 973 3112 cenae
1048 3069 1050 3072 ’

82 3175 161 3237 spes
179 3155 326 3231 homini;
351 3155 454 3218 caulis
471 3155 601 3218 miseris
618 3164 719 3236 atque
736 3156 822 3236 ignis
840 3157 1011 3220 emendus,

82 3264 210 3345 optima
227 3263 384 3327 silvarum
402 3263 532 3326 interea
548 3257 724 3345 pelagique
741 3265 870 3328 vorabit
1081 3288 1125 3338 135

83 3392 142 3435 rex
158 3372 276 3435 horum
293 3372 473 3454 vacuisque
490 3371 572 3436 toris
591 3382 722 3435 tantum
741 3372 812 3453 ipse
830 3373 959 3437 iacebit.

83 3501 160 3545 nam
179 3482 219 3543 de
236 3491 287 3543 tot
305 3481 451 3562 pulchris
469 3490 502 3542 et
519 3481 594 3543 latis
611 3480 747 3543 orbibus
764 3490 798 3542 et
815 3490 883 3544 tam

83 3589 233 3671 antiquis
252 3610 318 3651 una
335 3591 512 3653 comedunt
530 3588 729 3669 patrimonia
745 3609 869 3653 mensa.
