2422 4006
493 294 638 342 SATVRA
664 294 718 341 Vll

80 462 173 525 cuius
189 470 223 525 et
242 461 387 525 alveolos
405 471 438 524 et
456 462 586 524 laenam
604 461 758 544 pignerat
777 462 927 525 Atreus?

79 590 145 633 non
163 570 266 632 habet
284 570 401 632 infelix
419 570 576 633 Numitor
593 570 680 652 quod
698 571 811 633 mittat
828 571 955 634 amico:

81 677 265 760 Quintillae
282 679 369 760 quod
386 679 488 741 donet
507 679 618 753 habet,
638 699 700 742 nec
717 679 824 741 defuit
843 679 889 741 illi
1095 699 1127 753 75

80 786 167 849 unde
183 796 311 849 emeret
329 786 433 849 multa
450 788 653 867 pascendum
672 808 772 850 carne
790 787 920 850 leonem

80 896 142 958 iam
159 895 346 970 domitum;
372 904 505 958 constat
523 895 638 957 leviori
656 896 752 958 belua
769 906 905 977 sumptu

80 1004 235 1067 nimirum
254 1014 288 1066 et
306 1003 441 1084 capiunt
460 1004 533 1085 plus
551 1004 712 1071 intestina
728 1014 856 1085 poetae.

80 1121 259 1174 contentus
276 1112 366 1174 lama
383 1111 489 1174 iaceat
509 1113 665 1175 Lucanus
683 1113 717 1174 in
735 1113 841 1175 hortis

80 1220 283 1295 marmoreis,
303 1231 336 1282 at
357 1219 501 1283 Serrano
518 1221 679 1302 tenuique
697 1220 808 1284 Saleio
1094 1227 1127 1278 80

80 1329 183 1410 gloria
200 1328 408 1410 quantalibet
427 1329 504 1411 quid
523 1329 595 1404 erit,
616 1329 644 1391 si
661 1328 765 1410 gloria
782 1338 912 1391 tantum
932 1338 982 1391 est
981 1329 1045 1418 >s
1067 1404 1076 1417 ·

81 1437 222 1500 curritur
239 1437 279 1499 ad
297 1457 414 1500 vocem
432 1437 611 1500 iucundam
629 1446 662 1499 et
680 1457 814 1499 carmen
833 1437 958 1500 amicae

79 1544 282 1619 Thebaidos
302 1544 423 1608 laetam
444 1567 518 1609 curn
536 1545 616 1608 fecit
636 1545 765 1608 Statius
782 1547 897 1608 urbem

80 1653 300 1735 promisitque
317 1654 422 1730 diem;
448 1663 542 1716 tanta
558 1654 735 1716 dulcedine
753 1663 867 1734 captos

80 1762 192 1825 adficit
210 1762 265 1824 ille
282 1762 411 1825 animos
428 1772 588 1843 tantaque
605 1762 741 1825 libidine
758 1761 849 1843 vulgi

80 1870 228 1946 auditur;
255 1872 314 1934 sed
332 1891 407 1935 cum
425 1871 527 1952 fregit
545 1870 704 1933 subsellia
719 1891 828 1944 versu,

81 1980 195 2054 esurit,
215 1979 375 2043 intactam
395 1978 502 2041 Paridi
520 1978 585 2041 nisi
602 1979 716 2041 vendit
734 1977 885 2060 Agaven.

81 2087 134 2150 ille
152 2098 185 2150 et
203 2087 342 2151 militiae
360 2087 475 2150 multis
493 2087 633 2169 largitur
650 2088 819 2161 honorem,

82 2196 235 2258 semestri
251 2195 376 2278 digitos
393 2205 507 2257 vatum
525 2195 733 2276 circumligat
751 2215 839 2258 auro,

82 2305 168 2386 quod
181 2324 248 2366 non
262 2304 343 2366 dant
357 2323 522 2384 proceres
536 2303 628 2365 dabit
643 2303 771 2366 histri0.
822 2312 859 2365 tu
874 2302 1068 2366 Camerinos
1095 2325 1128 2374 90

82 2422 114 2474 et
132 2413 281 2486 Baream,
300 2421 337 2473 tu
355 2411 516 2474 nobilium
534 2432 655 2493 magna
672 2411 756 2473 atria
773 2412 891 2473 curas?

81 2520 268 2600 praefectos
287 2518 429 2600 Pelopea
446 2519 537 2592 iacit,
559 2519 742 2582 Philomela
760 2519 922 2581 tribunos.

81 2627 165 2690 haud
184 2637 297 2689 tamen
315 2626 465 2689 invideas
482 2627 550 2689 vati
566 2647 665 2709 quem
684 2626 812 2707 pulpita
829 2637 979 2705 pascunt.

81 2736 154 2817 quis
171 2735 234 2798 tibi
252 2736 442 2809 Maecenas,
462 2734 535 2816 quis
553 2756 643 2797 nunc
661 2735 723 2796 erit
741 2744 798 2796 aut
817 2734 1006 2796 Proculeius

80 2853 136 2907 aut
153 2844 302 2906 Fabius?
329 2843 403 2926 quis
419 2844 519 2907 Cotta
532 2843 661 2917 iterum,
678 2843 753 2924 quis
773 2843 937 2907 Lentulus
955 2843 1062 2905 alter?
1096 2863 1128 2914 95

80 2962 160 3016 tunc
178 2973 237 3033 par
254 2953 390 3035 ingenio
407 2953 562 3035 pretium,
582 2963 663 3015 tunc
681 2951 763 3013 utile
781 2951 895 3014 multis

80 3060 202 3141 pallere
220 3072 253 3124 et
272 3063 386 3125 vinum
405 3071 476 3124 toto
495 3061 626 3124 nescire
645 3061 837 3123 Decembri.

125 3169 249 3232 Vester
269 3190 366 3252 porro
386 3170 479 3233 labor
494 3169 679 3244 fecundior,
700 3169 914 3231 historiarum

79 3279 284 3361 scriptores?
309 3279 394 3360 perit
413 3278 466 3340 hic
484 3278 559 3360 plus
577 3277 739 3358 temporis
758 3287 859 3358 atque
875 3276 939 3338 olei
957 3276 1040 3358 plus.

79 3388 170 3451 nullo
188 3387 312 3470 quippe
329 3387 427 3450 modo
444 3386 618 3448 millesima
636 3385 759 3466 pagina
776 3385 883 3466 surgit
1082 3405 1128 3440 100

79 3496 236 3559 omnibus
253 3506 286 3558 et
304 3494 424 3558 crescit
442 3494 547 3556 multa
563 3494 723 3556 damnosa
739 3513 863 3576 papyro
878 3513 884 3567 ;

79 3605 127 3668 sic
146 3603 267 3686 ingens
284 3623 394 3666 rerum
412 3622 571 3665 numerus
590 3601 680 3664 iubet
699 3611 800 3682 atque
817 3620 954 3680 operum
972 3599 1032 3662 lex.
