2422 4006
85 272 119 322 ⁴0
506 275 709 323 IVVENALIS
805 319 810 335 ,

88 441 230 525 ‘collige
246 442 448 506 sarcinulas'
466 443 556 506 dicet
572 443 712 506 libertus
731 452 785 504 ‘et
800 442 862 506 exi.

85 551 150 613 iam
167 550 279 633 gravis
296 571 333 614 es
349 551 447 615 nobis
464 560 497 614 et
515 571 615 633 saepe
631 550 833 633 emungeris.
882 550 934 613 exi

85 659 179 722 ocius
192 667 227 722 et
243 658 405 741 propera'
455 659 545 723 sicco
561 660 654 722 venit
671 659 776 722 altera
792 679 882 722 naso.

86 767 214 831 interea
231 767 317 831 calet
334 778 369 830 et
386 778 505 851 regnat
522 769 698 850 poscitque
714 767 871 830 maritum

84 885 235 957 pastores
253 886 287 939 et
304 897 400 940 ovem
418 875 622 940 Canusinam
639 877 813 959 ulmosque
832 875 1047 939 Falemas—
1081 894 1124 948 150

84 984 281 1065 quantulum
300 985 334 1047 in
352 986 415 1049 hoc
428 986 628 1067 ?—pueros
645 1005 771 1060 omnes,
791 985 962 1066 ergastula
977 994 1056 1058 tota,

85 1094 240 1175 quodque
256 1094 346 1157 domi
363 1115 431 1157 non
449 1104 511 1168 est,
531 1095 590 1157 sed
607 1095 709 1157 habet
724 1093 865 1168 vicinus,
884 1102 1023 1156 ematur.

85 1222 201 1264 mense
218 1202 352 1284 quidem
369 1203 516 1278 brumae,
535 1223 601 1284 quo
618 1202 682 1265 iam
700 1212 865 1266 mercator
883 1202 981 1265 Iason

86 1310 229 1385 clausus,
250 1320 283 1373 et
302 1312 437 1374 armatis
455 1320 567 1393 opstat
585 1331 662 1374 casa
679 1311 819 1374 candida
835 1310 956 1384 nautis,

87 1419 227 1500 grandia
243 1419 407 1482 tolluntur
423 1419 625 1503 crystallina,
644 1419 786 1482 maxima
803 1439 917 1482 rursus
1079 1435 1124 1490 155

84 1526 264 1611 myrrhina,
280 1527 401 1590 deinde
417 1528 576 1590 adamans
593 1528 790 1591 notissimus
807 1537 840 1590 et
858 1525 1037 1590 Berenices

84 1635 118 1696 in
136 1635 242 1718 digito
259 1635 372 1698 factus
389 1636 572 1717 pretiosior.
623 1636 711 1699 hunc
728 1636 819 1698 dedit
836 1635 914 1697 olim

86 1744 246 1807 barbarus
264 1744 421 1819 incestae,
440 1744 533 1806 dedit
551 1745 640 1807 hunc
658 1744 812 1826 Agrippa
828 1743 943 1818 sorori,

84 1852 263 1915 observant
283 1853 340 1915 ubi
352 1852 442 1915 festa
458 1873 549 1915 mero
567 1853 651 1934 pede
669 1853 808 1915 sabbata
824 1871 921 1933 reges
937 1895 939 1898 ψ

85 1969 118 2022 et
135 1970 233 2023 vetus
251 1960 402 2042 indulget
420 1961 558 2024 senibus
575 1961 754 2025 clementia
770 1959 889 2042 porcis.
1081 1965 1126 2015 160

132 2068 299 2131 ‘Nullane
316 2070 358 2131 de
375 2069 479 2132 tantis
496 2070 656 2151 gregibus
674 2069 735 2131 tibi
752 2069 853 2151 digna
869 2067 1025 2131 videtur?
1039 2066 1044 2090 '

84 2177 128 2240 sit
145 2177 294 2240 formosa
310 2178 433 2240 decens
451 2177 543 2240 dives
561 2178 713 2252 fecunda,
732 2186 885 2240 vetustos
964 2235 967 2241 ,

46 2341 52 2355 ,
85 2286 269 2366 porticibus
285 2286 441 2367 disponat
459 2306 548 2360 avos
569 2286 724 2350 intactior
741 2285 832 2348 omni

83 2394 231 2457 crinibus
248 2394 367 2457 effusis
384 2394 508 2457 bellum
525 2394 705 2457 dirimente
724 2394 856 2468 Sabina,

82 2522 156 2565 rara
172 2502 243 2564 avis
261 2502 294 2564 in
312 2502 411 2565 terris
428 2503 592 2585 nigroque
609 2503 775 2565 simillima
792 2522 917 2586 cycno:
1081 2509 1127 2575 165

82 2611 156 2692 quis
173 2610 260 2672 feret
278 2631 414 2672 uxorem
433 2611 486 2674 cui
503 2620 660 2674 constant
679 2610 812 2673 omnia?
846 2603 941 2682 malo,

83 2718 169 2781 malo
187 2718 395 2781 Venusinam
413 2740 512 2800 quam
530 2728 574 2793 te,
594 2719 758 2794 Cornelia,
777 2727 884 2780 mater

83 2827 321 2901 Gracchorum,
341 2827 369 2889 si
386 2847 461 2889 cum
478 2828 609 2909 magnis
626 2827 808 2890 virtutibus
825 2826 936 2889 adfers

81 2937 208 3018 grande
225 2935 438 3015 supercilium
455 2944 489 2997 et
507 2956 662 2998 numeras
680 2936 713 2998 in
731 2936 810 2998 dote
827 2934 1023 3016 triumphos.

81 3044 161 3106 tolle
173 3053 278 3117 tuum,
290 3064 417 3124 precor,
430 3044 658 3106 Hannibalem
669 3044 862 3124 victumque
874 3042 1062 3126 Syphacem
1080 3063 1127 3111 170

81 3152 114 3214 in
133 3151 252 3215 castris
270 3160 304 3212 et
322 3172 397 3213 cum
414 3160 487 3214 tota
504 3151 708 3233 Carthagine
726 3151 840 3232 migra.

83 3272 208 3341 ‘parce
228 3279 354 3340 precor,
375 3259 492 3334 Paean,
511 3269 545 3322 et
562 3270 608 3334 tu,
628 3261 698 3333 dea,
719 3279 806 3340 pone
824 3258 984 3339 sagittas3

81 3367 128 3429 nil
145 3366 239 3448 pueri
255 3366 395 3441 iaciunt,
414 3367 520 3448 ipsam
538 3368 697 3449 conligite
713 3364 874 3429 matrem'

82 3475 254 3556 Amphion
272 3475 400 3539 clamat.
451 3477 510 3539 sed
525 3476 631 3539 Paean
650 3476 818 3539 contrahit
836 3495 969 3550 arcum;

82 3583 199 3645 extulit
217 3603 297 3664 ergo
314 3603 434 3664 greges
452 3593 606 3647 natorum
625 3584 801 3665 ipsumque
818 3592 1002 3664 parentem,
1079 3601 1126 3659 {75
