2422 4006
111 279 158 329 102
531 279 734 329 IVVENALIS

111 448 290 511 Parthenio
306 448 423 523 factas,
444 468 546 511 urnae
562 458 690 511 cratera
708 469 863 530 capacem

110 566 144 619 et
161 556 299 638 dignum
317 555 454 619 sitiente
472 555 574 618 Pholo
591 555 643 619 vel
660 557 804 640 coniuge
821 559 942 635 Fusci;
1128 582 1160 633 45

110 665 195 727 adde
211 673 246 727 et
262 664 446 728 bascaudas
464 674 497 727 et
515 664 605 727 mille
623 665 758 740 escaria,
777 666 919 730 multum

111 774 239 848 caelati,
258 773 387 837 biberat
404 751 469 855 qno
487 773 626 836 callidus
644 783 775 856 emptor
792 774 945 859 Olynthi.

111 882 171 945 sed
188 882 262 963 quis
278 902 366 945 nunc
384 881 478 956 alius,
497 902 562 963 qua
578 882 694 944 mundi
710 892 805 964 parte
822 884 896 965 quis
913 886 1014 947 audet

111 1001 251 1071 argento
269 990 436 1072 praeferre
454 999 553 1071 caput
570 990 738 1072 rebusque
755 992 921 1054 salutern?

112 1119 178 1161 non
197 1107 333 1180 propter
349 1099 451 1161 vitam
468 1098 597 1161 faciunt
615 1099 816 1180 patrimonia
831 1100 975 1182 quidam,
1128 1124 1157 1175 50

112 1208 172 1270 sed
188 1207 270 1269 vitio
288 1206 379 1270 caeci
396 1217 532 1288 propter
548 1207 748 1288 patrimonia
764 1207 889 1272 vivunt.

111 1316 254 1379 iactatur
271 1335 380 1377 rerum
398 1314 528 1377 utilium
546 1335 622 1396 pars
639 1315 790 1390 maxima,
810 1318 869 1379 sed
887 1338 950 1381 nec

112 1425 234 1487 damna
250 1423 371 1486 levant.
422 1434 502 1512 tunc
519 1423 668 1486 adversis
686 1424 884 1505 urgentibus
902 1425 980 1490 illuc

113 1532 250 1596 reccidit
268 1542 304 1595 ut
321 1532 443 1594 malum
458 1532 546 1594 ferro
565 1532 800 1608 summitteret,
819 1554 857 1597 ac
874 1555 912 1598 se

113 1641 255 1723 explicat
274 1650 474 1722 angustum:
499 1640 700 1704 discriminis
718 1641 844 1717 ultima,
864 1644 997 1724 quando
1127 1664 1153 1717 55

112 1749 277 1831 praesidia
293 1749 475 1812 adferimus
492 1769 611 1812 navem
628 1749 758 1812 factura
775 1750 948 1815 minorem.

113 1859 123 1919 i
141 1878 230 1920 nunc
248 1867 280 1919 et
298 1857 408 1920 ventis
425 1857 569 1919 animam
587 1857 760 1920 committe
777 1859 888 1921 dolato

113 1966 258 2029 confisus
275 1964 376 2046 ligno,
395 1965 510 2047 digitis
527 1986 547 2028 a
563 1976 670 2028 morte
687 1977 835 2030 remotus

112 2083 271 2157 quattuor
287 2083 344 2135 aut
363 2083 502 2154 septem,
523 2074 551 2136 si
568 2075 612 2137 sit
629 2073 800 2150 latissima,
820 2076 958 2152 taedae;

113 2203 190 2245 mox
207 2203 281 2245 cum
300 2181 448 2244 reticulis
466 2192 499 2244 et
517 2202 603 2263 pane
621 2192 654 2244 et
671 2193 788 2245 ventre
804 2184 945 2266 lagonae
1125 2193 1153 2242 60

112 2291 225 2372 aspice
242 2291 421 2353 sumendas
439 2290 473 2352 in
491 2300 693 2372 tempestate
710 2311 853 2355 secures,

113 2401 172 2463 sed
185 2409 363 2482 postquam
378 2399 479 2462 iacuit
493 2399 627 2480 planum
642 2419 741 2474 mare,
758 2408 911 2481 tempora
922 2410 1101 2484 postquam

113 2527 271 2590 prospera
286 2508 429 2570 vectoris
446 2507 620 2588 fatumque
638 2508 803 2570 valentius
822 2509 913 2571 Euro

113 2627 147 2680 et
164 2617 291 2699 pelago
311 2626 487 2698 postquam
506 2617 627 2679 Parcae
644 2617 782 2679 meliora
798 2618 945 2700 benigna

113 2747 217 2808 pensa
234 2746 335 2788 manu
352 2727 478 2789 ducunt
496 2725 617 2788 hilares
635 2735 668 2788 et
686 2725 838 2789 staminis
856 2727 922 2790 albi
1124 2733 1154 2798 ⁶5

113 2835 273 2907 lanificae,
293 2835 421 2897 modica
439 2854 501 2897 nec
518 2834 660 2896 multum
678 2834 795 2897 fortior
811 2855 890 2897 aura

113 2952 234 3005 ventus
251 2943 355 3017 adest,
376 2943 465 3024 inopi
483 2942 680 3005 miserabilis
697 2952 769 3005 arte
786 2943 932 3006 cucurrit

113 3051 264 3113 vestibus
282 3051 426 3113 extentis
444 3061 487 3126 et,
507 3052 594 3132 quod
612 3061 826 3132 superaverat
843 3072 956 3127 unum,

113 3159 186 3221 velo
203 3179 300 3240 prora
317 3179 387 3221 suo.
437 3160 501 3220 iam
519 3159 751 3222 deficientibus
769 3159 907 3222 Austris

115 3288 190 3349 spes
208 3266 296 3329 vitae
314 3288 388 3329 cum
406 3266 477 3329 sole
494 3267 589 3329 redit.
640 3276 719 3329 tunc
737 3276 853 3348 gratus
872 3268 944 3330 Iulo
1126 3289 1157 3336 70

114 3385 213 3457 atque
231 3375 398 3437 novercali
415 3376 512 3438 sedes
530 3375 677 3455 praelata
695 3375 822 3438 Lavino

116 3483 320 3564 conspicitur
337 3483 488 3545 sublimis
506 3503 597 3564 apex,
617 3483 671 3546 cui
689 3484 830 3546 candida
847 3505 969 3548 nomen

116 3591 225 3654 scrofa
241 3591 342 3666 dedit,
361 3591 458 3654 laetis
476 3591 662 3675 Phrygibus
680 3592 867 3655 miserabile
884 3613 1011 3668 sumen,
