2422 4006
483 299 628 348 SATVRA
653 301 677 347 X

54 470 130 551 ipsa
145 463 271 544 habuit,
291 478 428 550 cuperet
447 467 584 531 Rutilae
601 467 764 549 Verginia
779 467 918 549 gibbum

54 577 208 659 accipere
224 587 325 659 atque
342 597 436 641 suam
455 576 591 639 Rutilae
607 576 697 639 dare.
746 575 834 638 filius
850 585 963 638 autem
1055 593 1103 647 ²95

54 685 205 767 corporis
223 685 351 768 egregii
369 685 508 748 miseros
525 685 742 767 trepidosque
759 693 915 765 parentes

55 814 191 876 semper
207 794 328 870 habet;
353 814 426 856 rara
442 803 494 857 est
511 795 595 857 adeo
612 793 788 857 concordia
804 793 931 855 formae

54 913 158 986 atque
175 903 364 984 pudicitiae.
416 914 550 966 sanctos
568 902 646 965 licet
664 901 798 964 horrida
814 921 924 964 mores

55 1011 232 1075 tradiderit
250 1012 369 1074 domus
386 1031 425 1074 ac
442 1020 573 1074 veteres
591 1011 721 1073 imitata
739 1008 891 1084 Sabinos,

56 1129 231 1200 praeterea
247 1129 376 1183 castum
394 1119 567 1201 ingenium
584 1119 781 1200 vultumque
798 1119 950 1180 modesto
1056 1139 1104 1189 300

56 1228 223 1310 sanguine
239 1228 425 1290 ferventem
444 1227 570 1291 tribuat
587 1236 707 1290 natura
723 1226 870 1308 benigna

56 1335 149 1417 larga
166 1357 266 1399 manu
278 1334 412 1418 —quid
430 1335 518 1399 enim
537 1356 640 1417 puero
657 1335 810 1398 conferre
826 1343 938 1416 potest
956 1334 1030 1415 plus

56 1444 198 1507 custode
215 1453 248 1506 et
266 1464 346 1507 cura
362 1453 482 1506 natura
498 1444 670 1526 potentior
686 1443 777 1506 omni
789 1444 801 1504 l
812 1482 857 1489 —

56 1572 125 1615 non
142 1551 221 1614 licet
238 1573 313 1615 esse
330 1552 410 1615 vir0.
460 1572 536 1614 nam
554 1552 693 1634 prodiga
712 1552 916 1632 corruptoris

55 1660 255 1742 improbitas
272 1661 362 1742 ipsos
380 1661 481 1724 audet
499 1670 665 1742 temptare
682 1669 859 1743 parentes;
1056 1679 1105 1730 305

56 1777 153 1831 tanta
170 1768 204 1830 in
222 1769 417 1832 muneribus
436 1770 565 1832 fiducia.
616 1769 728 1831 nullus
745 1769 911 1849 ephebum

57 1877 243 1940 deformem
260 1898 359 1940 saeva
376 1878 534 1941 castravit
552 1878 587 1940 in
604 1897 680 1940 arce
697 1886 869 1961 tyrannm,

56 2006 120 2048 nec
137 1995 384 2066 praetextatum
401 1985 512 2067 rapuit
531 1987 622 2048 Nero
639 1985 821 2066 loripedem
839 2005 900 2048 nec

58 2103 263 2157 strumosum
280 2104 381 2176 atque
398 2104 495 2157 utero
513 2094 637 2175 pariter
653 2094 822 2176 gibboque
839 2103 1033 2156 tumentem.

57 2203 67 2264 i
85 2223 174 2266 nunc
192 2211 226 2265 et
243 2203 373 2265 iuvenis
391 2203 502 2284 specie
519 2201 643 2264 laetare
660 2203 718 2276 tui,
738 2222 837 2282 quem
1056 2223 1105 2272 310

57 2310 182 2374 maiora
199 2320 395 2393 exspectant
413 2310 615 2374 discrimina.
636 2361 638 2365 .
664 2310 721 2371 fiet
738 2310 869 2372 adulter

57 2418 222 2501 publicus
241 2428 275 2482 et
292 2439 418 2500 poenas
436 2419 558 2481 metuit
575 2439 803 2501 quascumque
820 2418 931 2480 mariti

57 2528 133 2590 irati
151 2528 262 2602 debet,
281 2548 343 2591 nec
361 2527 425 2591 erit
442 2527 572 2590 felicior
589 2537 678 2589 astro

59 2636 190 2711 Martis,
202 2646 238 2697 ut
250 2635 285 2697 in
296 2636 433 2718 laqueos
443 2657 625 2717 numquam
637 2636 769 2698 incidat.
821 2635 922 2716 exigit
934 2644 1047 2697 autem

57 2744 228 2807 interdum
245 2743 302 2807 ille
319 2745 414 2807 dolor
431 2745 504 2826 plus
522 2766 620 2826 quam
637 2745 690 2806 lex
707 2744 774 2806 ulla
790 2743 896 2805 dolori
1058 2763 1106 2815 315

57 2852 247 2928 concessit;
272 2862 371 2916 necat
388 2853 442 2916 hic
459 2852 557 2927 ferm,
577 2862 668 2915 secat
687 2851 742 2914 ille
760 2851 907 2915 cruentis

57 2960 263 3035 verberibus,
282 2962 444 3042 quosdam
461 2961 619 3023 moechos
637 2969 671 3022 et
688 2961 821 3042 mugilis
839 2960 950 3023 intrat.

58 3068 118 3131 sed
135 3077 216 3131 tuus
234 3069 426 3153 Endymion
443 3069 585 3132 dilectae
603 3070 663 3135 fiet
677 3069 807 3131 adulter

59 3186 241 3240 matronae.
291 3198 367 3240 mox
384 3198 460 3240 cum
478 3178 607 3240 dederit
626 3177 767 3240 Servilia
783 3197 948 3251 nummos,

59 3286 116 3348 fiet
133 3294 167 3348 et
185 3284 391 3368 illiusquam
410 3307 474 3348 non
493 3296 592 3361 amat,
613 3294 712 3348 exuet
730 3305 863 3347 omnem
1058 3305 1107 3355 320

60 3392 210 3475 corporis
226 3404 401 3470 ornatum;
426 3395 506 3476 quid
523 3395 612 3457 enim
630 3393 695 3456 ulla
713 3393 884 3475 negaverit
902 3393 976 3455 udis

60 3501 265 3584 inguinibus,
285 3503 356 3565 sive
373 3512 424 3565 est
443 3503 524 3565 haec
544 3503 654 3583 Oppia
671 3503 741 3564 sive
761 3501 914 3564 Catulla?

60 3611 207 3673 deterior
223 3620 314 3673 totos
332 3612 432 3673 habet
452 3611 519 3674 illic
535 3611 662 3672 femina
679 3631 796 3673 mores,
