2422 4006
463 272 608 319 SATVRA
635 272 704 319 VIII

58 438 197 521 exiguis,
216 439 298 501 trito
315 439 442 502 ducunt
461 439 628 521 epiraedia
645 438 731 502 collo

58 547 259 630 segnipedes
276 546 435 629 dignique
453 546 574 609 molam
592 567 726 609 versare
742 557 892 629 nepotes

59 677 138 739 ergo
156 665 193 718 ut
212 656 369 718 miremur
385 665 430 730 te,
449 676 516 718 non
534 665 601 729 tua,
621 655 751 736 privum
769 656 892 737 aliquid
909 657 951 719 da

58 766 146 847 quod
163 764 290 846 possim
308 764 415 827 titulis
432 764 580 827 incidere
598 773 731 845 praeter
747 764 892 827 honores

58 894 142 956 quos
160 872 225 936 illis
242 873 359 935 damus
377 893 415 936 ac
433 873 594 947 dedimus,
613 873 735 954 quibus
753 873 865 936 omnia
882 874 995 937 debes.
1077 896 1109 944 70

105 982 201 1044 Haec
219 981 301 1044 satis
318 982 360 1043 ad
378 982 532 1043 iuvenem
550 1001 648 1063 quem
667 981 765 1044 nobis
783 981 872 1044 fama
889 983 1071 1063 superbum

58 1090 159 1152 tradit
178 1098 212 1152 et
230 1089 380 1152 inflatum
399 1090 600 1171 plenumque
619 1090 755 1152 Nerone
773 1089 959 1172 propinquo
970 1111 978 1166 3

60 1219 151 1260 rarus
171 1197 258 1260 enim
276 1197 382 1260 ferme
401 1218 520 1260 sensus
538 1198 725 1260 communis
743 1198 776 1259 in
794 1198 849 1260 illa

58 1307 203 1370 fortuna.
252 1307 311 1368 sed
329 1315 364 1368 te
380 1306 511 1369 censeri
527 1306 625 1368 laude
642 1315 785 1379 tuorum,

60 1414 209 1487 Pontice,
229 1414 390 1476 noluerIm
409 1414 457 1477 sic
475 1423 511 1475 ut
530 1413 612 1476 nihil
631 1414 702 1494 ipse
718 1414 852 1477 futurae
1077 1435 1090 1484 7
1095 1436 1108 1487 5

59 1522 165 1585 laudis
182 1543 272 1604 agas
322 1522 480 1584 miserum
499 1531 550 1584 est
568 1521 707 1584 aliorum
726 1523 921 1585 incumbere
938 1523 1057 1598 famae,

59 1651 100 1693 ne
119 1630 278 1712 conlapsa
295 1641 391 1693 ruant
410 1630 583 1693 subductis
601 1639 692 1693 tecta
708 1630 880 1693 columnis.

59 1748 186 1801 stratus
204 1738 297 1801 humi
313 1738 439 1819 palmes
458 1739 573 1801 viduas
591 1738 756 1800 desiderat
775 1739 893 1803 ulmos,

59 1856 133 1910 esto
150 1848 258 1909 bonus
276 1846 381 1920 mileS,
400 1856 493 1910 tutor
510 1848 629 1921 bonus,
648 1847 772 1909 arbiter
789 1847 875 1909 idem

59 1955 209 2037 Integer3
234 1955 409 2036 ambiguae
426 1955 455 2017 si
472 1956 605 2036 quando
624 1955 769 2018 citabere
786 1956 883 2017 testis
1076 1965 1109 2013 80

59 2063 273 2145 incertaeque
290 2063 346 2137 rei,
367 2063 514 2125 Phalaris
531 2063 610 2127 licet
628 2063 769 2143 imperet
787 2073 823 2125 ut
842 2063 888 2126 sis

58 2171 164 2234 falsus
182 2181 215 2233 et
233 2171 368 2233 admoto
385 2171 489 2233 dictet
507 2171 650 2251 periuria
667 2181 773 2245 tauro,

59 2299 226 2342 summum
245 2280 343 2342 crede
361 2278 456 2341 nefas
474 2279 617 2341 animam
637 2280 805 2359 praeferre
822 2280 939 2360 pudori

44 2397 93 2477 ‘et
110 2397 246 2469 propter
262 2387 364 2449 vitam
382 2387 515 2449 vivendi
533 2388 672 2468 perdere
689 2408 814 2450 causas

58 2496 180 2578 dignus
197 2504 305 2558 morte
322 2495 418 2576 perit,
438 2504 536 2558 cenet
554 2494 632 2558 licet
650 2505 762 2557 ostrea
779 2504 913 2558 centum
1074 2504 1089 2552 8
1094 2517 1107 2569 5

59 2604 215 2668 Gaurana
231 2613 265 2667 et
284 2604 398 2667 Cosmi
415 2612 487 2666 toto
505 2613 676 2684 mergatur
692 2624 784 2666 aeno

57 2721 252 2794 exspectata
268 2712 325 2774 diu
341 2713 477 2774 tandem
495 2711 664 2792 provincia
684 2733 758 2773 cum
777 2721 811 2773 te

57 2829 222 2883 rectorem
240 2820 391 2901 accipiet,
411 2839 498 2901 pone
515 2819 583 2881 irae
599 2819 696 2881 frena
713 2820 924 2901 modumque,

56 2948 144 3009 pone
161 2937 195 2991 et
212 2927 379 3001 avaritiae,
399 2928 559 2990 miserere
576 2928 712 3008 inopum
733 2929 906 2990 sociorum.

55 3056 133 3099 ossa
149 3037 243 3099 vides
261 3056 370 3099 rerum
387 3036 501 3099 vacuis
519 3046 657 3099 exsucta
675 3036 837 3098 medullis.

55 3144 186 3226 respice
203 3144 281 3226 quid
299 3153 457 3206 moneant
474 3144 578 3226 legeS,
597 3144 676 3225 quid
694 3144 784 3207 curia
801 3145 945 3218 mandet,

54 3253 203 3335 praemia
219 3262 344 3334 quanta
360 3253 466 3315 bonos
484 3263 651 3327 maneant,
670 3273 768 3334 quam
787 3251 928 3314 fulmine
946 3252 1035 3314 iusto

54 3371 90 3425 et
107 3360 229 3443 Capito
246 3370 281 3424 et
299 3361 457 3424 Numitor
475 3361 602 3423 ruerint
621 3362 800 3423 damnante
818 3370 937 3423 senatu

53 3470 182 3552 piratae
199 3468 350 3533 Cilicum.
401 3470 460 3532 sed
477 3469 556 3550 quid
574 3469 744 3531 damnatio
762 3469 917 3531 confert?

52 3596 265 3661 praeconem,
287 3575 483 3657 Chaerippe‚
505 3576 572 3638 tuis
590 3576 809 3656 circumspice
827 3576 957 3657 pannis,
1074 3596 1105 3648 95
