2422 4006
78 256 111 306 38
500 257 703 306 IVVENALIS

80 434 183 508 utque
201 426 308 508 magis
326 435 472 508 stupeas,
491 425 588 489 ludos
608 424 825 508 Paridemque
843 424 987 507 reliquit.

81 533 140 596 sed
157 553 355 615 quamquam
375 534 408 596 in
427 534 557 616 magnis
574 533 693 615 opibus
710 532 889 615 plumaque
907 541 1047 615 paterna

81 651 114 704 et
132 642 354 724 segmentatis
370 642 549 705 dormisset
567 640 704 723 parvula
720 640 825 716 cunis,

80 750 282 831 contempsit
301 749 459 832 pelagus,
484 750 606 813 famam
624 758 873 831 contempserat
891 749 980 824 olim,
1096 775 1127 827 90

80 858 175 923 cuius
192 859 280 940 apud
298 857 415 922 molles
432 858 570 921 minima
587 867 639 921 est
657 858 783 922 iactura
800 857 986 921 cathedras.

80 967 273 1050 Tyrrhenos
290 966 393 1049 igitur
409 967 531 1030 fluctus
547 965 680 1049 lateque
698 974 874 1029 sonantem

80 1073 218 1156 pertulit
238 1074 369 1137 Ionium
386 1074 556 1138 constanti
573 1083 718 1156 pectore,
737 1073 887 1156 quamvis

82 1183 279 1245 mutandum
296 1183 424 1246 totiens
442 1192 532 1246 esset
549 1191 649 1246 mare.
699 1183 786 1246 iusta
802 1181 918 1264 pericli

81 1291 110 1354 si
127 1290 212 1354 ratio
230 1300 281 1354 est
299 1300 333 1354 et
350 1291 501 1367 honesta,
520 1292 640 1354 timent
657 1290 843 1373 pavidoque
860 1289 1016 1373 gelantur
1096 1309 1127 1363 95

81 1408 218 1481 pectore
234 1420 297 1462 nec
314 1399 465 1462 tremulis
483 1408 624 1480 possunt
641 1399 798 1463 insistere
815 1398 959 1481 plantis:

80 1508 203 1570 fortem
221 1507 368 1570 animum
386 1517 558 1589 praestant
576 1508 676 1571 rebus
693 1528 776 1590 quas
792 1508 936 1590 turpiter
952 1508 1087 1571 audent.

82 1616 111 1679 si
126 1615 239 1679 iubeat
257 1616 411 1691 coniunx,
431 1617 550 1679 durum
568 1625 619 1679 est
637 1617 864 1680 conscendere
881 1636 1010 1692 navem,

81 1733 163 1788 tunc
181 1724 316 1787 sentina
332 1724 453 1806 gravis,
472 1734 554 1788 tunc
571 1745 721 1788 summus
738 1724 881 1788 vertitur
897 1745 973 1789 aer:

81 1853 166 1915 quae
183 1833 359 1896 moechum
385 1833 546 1915 sequitur,
566 1833 739 1897 stomacho
753 1812 854 1897 ualet.
905 1832 961 1896 illa
976 1834 1069 1897 mari-

173 1951 245 2005 tum
801 2004 804 2011 ,
1083 1963 1129 1998 100

82 2050 261 2125 convomit,
280 2051 362 2114 haec
380 2051 469 2113 inter
485 2060 604 2113 nautas
622 2060 655 2113 et
674 2051 814 2132 prandet
832 2060 866 2113 et
884 2060 971 2113 errat

82 2179 142 2241 per
158 2180 303 2241 puppem
321 2169 355 2222 et
372 2160 473 2222 duros
490 2160 613 2241 gaudet
631 2169 775 2222 tractare
792 2159 953 2223 rudentis.

81 2288 146 2350 qua
163 2277 275 2330 tamen
294 2266 417 2330 exarsit
435 2267 550 2342 forma,
569 2288 634 2350 qua
651 2275 748 2350 capta
765 2267 901 2338 iuventa

84 2376 215 2457 Eppia?
240 2376 320 2458 quid
337 2376 420 2438 vidit
438 2385 574 2456 propter
590 2376 678 2458 quod
696 2375 787 2438 ludia
803 2375 868 2438 dici

83 2484 268 2548 sustinuit?
302 2505 378 2547 nam
398 2484 569 2565 Sergiolus
587 2484 651 2546 iam
670 2485 785 2546 radere
801 2493 919 2565 guttur
1081 2466 1129 2557 ιο5Ι

82 2602 238 2675 coeperat
255 2601 289 2655 et
307 2603 401 2656 secto
419 2592 567 2674 requiem
585 2612 719 2674 sperare
735 2592 880 2667 lacerto;

82 2711 256 2783 praeterea
272 2700 378 2763 multa
395 2701 428 2762 in
446 2701 533 2764 facie
549 2700 721 2775 deformia,
741 2701 827 2763 sicut

82 2810 218 2874 attritus
235 2809 331 2891 galea
347 2808 533 2891 mediisque
550 2808 585 2871 in
602 2809 738 2871 naribus
756 2809 875 2890 ingens

82 2919 202 3000 gibbus
220 2928 253 2980 et
270 2908 347 2980 acre
363 2917 486 2979 malurn
504 2937 636 2998 semper
653 2916 811 2979 stillantis
828 2916 933 2979 ocelli.

82 3027 140 3089 sed
157 3026 321 3108 gladiator
338 3035 427 3090 erat:
459 3025 621 3088 fecithoc
639 3024 713 3087 illos
732 3024 956 3109 Hyacinthos
1083 3045 1131 3078 110

82 3135 145 3197 hoc
163 3133 275 3215 pueris
292 3133 495 3215 patriaeque,
515 3133 577 3195 hoc
594 3132 752 3214 praetulit
770 3132 825 3194 illa
843 3132 947 3194 sorori

82 3253 182 3324 atque
200 3242 281 3304 viro.
322 3241 447 3303 ferrum
466 3250 517 3303 est
534 3241 622 3323 quod
639 3249 764 3303 amant.
809 3240 864 3302 hic
883 3239 1022 3321 Sergius
1040 3240 1129 3302 idem

81 3359 219 3432 accepta
236 3351 318 3412 rude
335 3349 503 3430 coepisset
520 3349 666 3411 Veiento
683 3349 797 3411 videri.

129 3459 220 3542 Quid
237 3458 366 3540 privata
382 3458 509 3531 domus,
528 3458 607 3539 quid
623 3457 742 3521 fecerit
761 3457 881 3548 Eppia,
898 3457 1017 3520 curas?

82 3571 210 3653 respice
228 3569 349 3632 rivales
366 3569 526 3643 divorum,
548 3567 707 3631 Claudius
726 3567 803 3630 audi
1083 3588 1129 3640 115
