2422 4006
82 283 113 330 12
392 284 594 331 IVVENALIS
620 284 766 332 SATVRA
792 286 819 331 Il

81 459 115 512 et
134 450 332 532 Capitolinis
349 450 545 532 generosior
561 459 593 512 et
614 450 781 514 Marcellis

82 566 115 619 et
133 557 245 621 Catuli
264 557 422 640 Paulique
440 558 624 620 minoribus
642 567 675 620 et
695 559 807 621 Fabiis
825 570 858 620 et

81 665 236 730 omnibus
252 666 293 728 ad
310 665 446 747 podium
465 666 708 748 spectantibus,
727 666 780 728 his
798 665 875 729 licet
893 667 1003 752 ipsum

81 773 257 836 admoveas
274 773 368 837 cuius
386 783 467 836 tunc
485 794 623 836 munere
639 774 723 836 retia
740 774 839 837 misit.

129 882 213 945 Esse
229 882 357 964 aliquos
374 903 489 945 manes
507 891 540 944 et
559 883 778 944 subterranea
794 903 898 964 regna

82 1000 115 1053 ct
134 999 270 1054 contum
288 999 321 1052 et
341 990 459 1074 Stygio
477 1011 574 1053 ranas
592 991 625 1052 in
642 991 778 1073 gurgite
795 991 908 1073 nigras
1080 1011 1127 1063 150

81 1107 181 1181 atque
199 1119 265 1161 una
281 1098 424 1161 transire
441 1099 562 1161 vadum
581 1108 631 1160 tot
650 1099 740 1161 milia
757 1100 877 1162 cumba

82 1226 144 1270 nec
160 1207 255 1289 pueri
272 1207 421 1281 credunt,
441 1207 506 1269 nisi
523 1207 579 1289 qui
597 1208 745 1269 nondum
762 1227 839 1270 aere
855 1192 1015 1272 lavantur.

82 1314 141 1377 sed
158 1325 195 1377 tu
211 1335 289 1378 vera
306 1325 396 1397 puta.
448 1315 569 1377 Curius
586 1316 666 1397 quid
685 1315 788 1379 sentit
806 1326 840 1378 et
857 1317 954 1379 ambo

84 1421 267 1504 Scipiadae,
286 1423 365 1504 quid
384 1423 557 1487 Fabricius
575 1444 758 1505 manesque
776 1424 917 1500 Camilli,

82 1531 161 1613 quid
180 1531 355 1594 Cremerae
373 1531 461 1613 legio
479 1540 512 1594 et
531 1531 658 1594 Cannis
676 1542 875 1614 consumpta
892 1533 1058 1608 iuventus,
1081 1554 1126 1606 155

82 1649 133 1702 tot
151 1639 313 1703 bellorum
329 1640 469 1715 animae,
484 1640 641 1722 quotiens
659 1640 738 1703 hinc
755 1639 831 1703 talis
849 1642 890 1703 ad
908 1641 981 1704 illos

83 1748 199 1812 umbra
214 1749 330 1811 venit?
364 1758 524 1830 cuperent
542 1749 685 1823 lustrari,
704 1749 731 1811 si
749 1770 813 1831 qua
829 1749 990 1812 darentur

83 1857 217 1939 sulpura
234 1878 308 1920 cum
326 1857 433 1920 taedis
450 1866 484 1920 et
502 1857 531 1919 si
547 1857 634 1920 foret
650 1857 761 1919 umida
777 1856 897 1921 laurus

84 1965 148 2028 illic
166 1966 231 2028 heu
248 1965 361 2029 miseri
378 1965 592 2028 traducimur.
643 1985 734 2028 arma
750 1966 883 2047 quidem
902 1967 990 2030 ultra

83 2073 180 2137 litora
198 2075 359 2137 Iuvernae
377 2074 601 2155 promovimus
620 2083 653 2135 et
671 2073 769 2136 modo
787 2084 901 2155 captas
1080 2083 1128 2133 160

84 2183 232 2247 Orcadas
249 2204 287 2246 ac
304 2183 441 2246 minima
457 2193 635 2246 contentos
654 2193 753 2247 nocte
772 2183 970 2247 Britannos:

84 2292 142 2354 sed
159 2311 242 2374 quae
260 2312 349 2355 nunc
366 2291 480 2374 populi
497 2293 581 2354 fiunt
599 2292 736 2355 victoris
753 2291 787 2353 in
805 2293 895 2366 urbe,

82 2420 150 2462 non
166 2400 294 2464 faciunt
312 2399 359 2462 illi
376 2420 459 2482 quos
476 2401 626 2464 vicimus.
676 2409 709 2463 et
727 2409 837 2462 tamen
857 2421 942 2462 uuus

84 2509 266 2571 Armenius
284 2508 420 2572 Zalaces
438 2510 566 2573 cunctis
584 2518 736 2572 narratur
753 2508 890 2590 ephebis

84 2617 212 2701 mollior
228 2617 359 2680 ardenti
377 2637 451 2680 sese
466 2617 647 2680 indulsisse
663 2617 807 2680 tribuno
1081 2625 1111 2673 16
1115 2639 1128 2690 5

83 2726 196 2808 aspice
212 2726 291 2809 quid
307 2726 432 2789 faciant
450 2726 650 2788 commercia
668 2749 673 2788 :
698 2734 835 2788 venerat
853 2726 961 2800 obses,

84 2835 137 2898 hic
155 2835 238 2898 fiunt
256 2834 418 2897 homines
468 2854 543 2896 nam
562 2833 590 2895 si
607 2854 699 2896 mora
715 2834 847 2914 longior
863 2833 979 2896 urbem

85 2943 221 3006 indulsit
239 2943 360 3023 pueris,
380 2962 446 3005 non
463 2963 646 3023 numquam
664 2941 748 3005 derit
767 2952 902 3005 amator.

85 3053 261 3114 mittentur
278 3052 396 3115 bracae
414 3050 542 3114 cultelli
559 3051 656 3113 irena
671 3049 861 3132 flagellum:

85 3160 133 3222 sic
150 3169 376 3241 praetextatos
394 3159 543 3221 referunt
562 3158 726 3221 Artaxata
743 3178 860 3221 mores.
1081 3186 1128 3233 170
