2422 4006
463 303 610 351 SATVRA
635 304 702 351 XIV
1060 305 1106 355 113

53 492 137 534 cum
157 470 267 534 scelus
284 471 475 545 admittunt,
495 481 648 553 superest
667 476 874 537 constantia:
899 474 978 556 quid
995 474 1046 537 fas

53 591 164 662 atque
181 579 286 654 nefas,
305 580 441 642 tandem
458 579 620 660 incipiunt
638 581 764 644 sentire
780 583 924 663 peractis

55 688 268 753 criminibus,
317 697 430 751 tamen
447 689 488 750 ad
506 708 616 751 mores
633 698 752 751 natura
769 690 909 753 recurrit

55 799 248 871 damnatos,
267 797 331 859 fixa
347 806 381 860 et
399 797 520 860 mutari
537 797 659 861 nescia.
709 819 785 860 nam
802 799 875 880 quis
1062 831 1109 876 240

56 905 224 988 peccandi
241 906 342 968 finem
360 905 472 987 posuit
490 905 577 969 sibi?
627 907 759 988 quando
777 907 901 988 recepit

58 1015 210 1077 eiectum
227 1013 330 1076 semel
348 996 465 1077 attrita
480 1015 522 1076 de
538 1014 651 1077 fronte
668 1015 847 1079 ruborem?

57 1122 218 1205 quisnam
236 1122 408 1184 hominum
426 1132 477 1185 est
495 1143 594 1204 quem
612 1133 649 1185 tu
666 1133 863 1187 contentum
881 1124 1003 1188 videris
1020 1147 1087 1188 uno

59 1229 218 1312 flagitio?
266 1231 358 1293 dabit
375 1230 409 1293 in
426 1230 579 1313 laqueum
597 1232 740 1313 vestigia
757 1243 873 1295 noster

60 1339 213 1421 perfidus
230 1349 263 1402 et
281 1339 368 1422 nigri
384 1340 531 1421 patietur
548 1340 691 1403 carceris
708 1361 830 1403 uncum
1063 1371 1110 1424 ²45

59 1456 123 1511 aut
140 1447 240 1510 maris
258 1447 387 1529 Aegaei
403 1468 520 1529 rupem
537 1449 760 1531 scopulosque
776 1449 972 1531 frequentes

60 1555 235 1620 exsulibus
253 1556 390 1637 magnis.
440 1576 548 1638 poena
564 1557 725 1638 gaudebis
743 1578 856 1621 amara
907 1538 910 1544 Δ

60 1664 210 1727 nominis
227 1664 333 1738 invisi,
352 1665 555 1746 tandemque
572 1665 723 1728 fatebere
740 1666 847 1729 laetus

61 1792 128 1834 nec
146 1772 283 1834 surdum
301 1792 362 1835 nec
380 1773 532 1835 Tiresian
550 1793 750 1855 quemquam
769 1795 844 1836 esse
861 1775 1007 1839 deorum.

454 2047 615 2099 SATVRA
643 2047 714 2098 XIV

65 2206 212 2268 Plurima
229 2215 316 2281 sunt,
338 2207 491 2279 Fuscine‚
511 2215 544 2268 et
560 2206 651 2269 fama
667 2207 769 2288 digna
786 2208 924 2271 sinistra

62 2323 100 2377 et
118 2313 233 2376 nitidis
250 2314 412 2376 maculam
430 2314 606 2377 haesuram
624 2315 762 2396 figentia
779 2316 888 2391 rebus,

64 2442 153 2504 quae
170 2430 359 2484 monstrant
378 2421 440 2503 ipsi
457 2423 569 2503 pueris
586 2423 790 2504 traduntque
807 2434 974 2504 parentes.

65 2530 95 2593 si
113 2531 274 2593 damnosa
291 2549 404 2592 senem
425 2530 514 2592 iuvat
532 2530 613 2605 alea,
632 2531 717 2593 ludit
735 2541 769 2593 et
786 2531 884 2594 heres

65 2638 215 2702 bullatus
232 2658 400 2720 parvoque
418 2640 532 2701 eadem
551 2649 662 2701 movet
680 2660 772 2702 arma
786 2640 912 2703 fritillo
1099 2669 1112 2720 5

66 2768 131 2811 nec
147 2746 265 2810 melius
283 2748 325 2809 de
342 2766 379 2809 se
396 2747 549 2828 cuiquam
568 2767 703 2828 sperare
719 2749 906 2830 propinquo

67 2856 229 2919 concedet
247 2855 386 2928 iuvenis,
404 2856 460 2937 qui
479 2856 593 2918 radere
606 2857 725 2918 tubera
742 2866 859 2931 terrae,

67 2964 218 3027 boletum
236 2964 373 3027 condire
390 2973 423 3025 et
442 2964 558 3026 eodem
576 2965 648 3026 iure
665 2965 811 3027 natantis

67 3091 220 3153 mergere
238 3071 395 3135 ficedulas
413 3072 529 3135 didicit
547 3072 716 3135 nebulone
733 3083 871 3154 parente

68 3189 101 3243 et
119 3199 204 3243 cana
219 3189 429 3243 monstrante
446 3181 533 3262 gula.
576 3201 652 3244 cum
671 3181 832 3263 septimus
850 3201 958 3243 annus
1085 3211 1114 3244 10

67 3287 239 3351 transierit
256 3308 405 3369 puerum,
424 3290 573 3352 nondum
591 3291 682 3352 omni
699 3290 801 3352 dente
819 3299 943 3363 renato,

67 3397 227 3460 barbatos
243 3395 321 3460 licet
338 3397 515 3460 admoveas
534 3398 625 3460 mille
643 3397 720 3460 inde
738 3397 925 3479 magistros,

68 3505 147 3568 hinc
164 3504 315 3580 totidem,
335 3506 446 3586 cupiet
464 3505 555 3568 lauto
572 3526 692 3569 cenare
709 3516 825 3587 paratu

69 3632 202 3694 semper
219 3622 251 3674 et
270 3634 289 3675 a
306 3632 510 3695 magnanon
528 3614 732 3695 degenerare
749 3613 869 3676 culina.
