2422 4006
478 306 623 353 SATVRA
649 306 687 352 VI
1051 333 1056 341 ·
1073 302 1104 352 55

57 494 199 556 magnus
218 473 299 538 civis
316 474 385 537 obit
403 483 436 537 et
453 474 651 536 formidatus
670 474 808 538 Othoni.
1059 494 1105 547 595

57 582 136 644 inde
153 582 236 645 fides
253 583 343 657 artis,
362 582 475 667 sonuit
492 583 520 645 si
537 582 674 645 dextera
690 582 779 645 ferro
1032 588 1103 652 (560)

57 691 227 773 laevaque,
247 691 276 753 si
292 691 393 773 longo
410 699 593 754 castrorum
611 691 644 752 in
663 711 796 754 carcere
812 691 945 755 mansit.

58 819 157 862 nemo
174 799 431 863 mathematicus
448 799 585 881 genium
603 800 817 862 indemnatus
834 800 980 874 habebit,

58 909 118 970 sed
135 906 193 990 qui
209 927 316 990 paene
331 907 427 989 perit,
447 907 500 971 cui
516 907 571 970 vix
588 908 621 969 in
639 907 785 992 Cyclada
801 908 888 970 mitti

58 1016 202 1098 contigit
220 1025 253 1078 et
270 1036 369 1097 parva
386 1016 521 1078 tandem
539 1016 686 1079 caruisse
704 1016 856 1098 Seripho.
892 1089 894 1092 Α
1057 1027 1105 1075 600

58 1124 206 1188 consulit
224 1124 379 1188 ictericae
395 1124 488 1186 lento
505 1126 547 1187 de
563 1124 682 1187 funere
695 1125 820 1199 matris,
1034 1134 1104 1199 (565)

57 1242 137 1296 ante
154 1242 269 1295 tamen
285 1234 326 1295 de
343 1242 378 1295 te
395 1232 558 1313 Tanaquil
572 1241 639 1307 tua,
659 1234 792 1314 quando
809 1253 956 1297 sororem

58 1342 180 1404 efferat
198 1350 232 1404 et
249 1350 395 1422 patruos,
413 1361 456 1402 an
474 1341 518 1402 sit
535 1340 683 1403 victurus
700 1342 830 1404 adulter

57 1458 135 1531 post
153 1449 280 1530 ipsam;
304 1449 383 1531 quid
400 1448 488 1511 enim
506 1449 612 1511 maius
630 1449 708 1511 dare
725 1450 862 1512 numina
878 1452 1043 1532 possunt?

58 1559 121 1620 hae
139 1566 254 1620 tamen
272 1555 426 1639 ignorant
444 1557 523 1638 quid
541 1557 634 1620 sidus
650 1557 748 1620 triste
766 1559 911 1621 minetur
1057 1567 1105 1632 605

60 1666 208 1739 Saturni,
227 1685 292 1747 quo
309 1665 398 1728 laeta
413 1666 530 1728 Venus
548 1685 585 1728 se
601 1665 748 1746 proferat
765 1675 864 1742 astro,
1036 1676 1105 1739 (570)

59 1775 135 1857 quis
153 1773 278 1836 mensis
295 1774 435 1848 damnis,
454 1794 539 1856 quae
556 1775 678 1836 dentur
694 1784 845 1857 tempora
862 1775 974 1839 lucro:

60 1883 150 1945 illius
167 1902 325 1945 occursus
343 1882 443 1944 etiam
459 1881 565 1944 vitare
582 1892 762 1956 memento,

59 1991 94 2052 in
113 1990 206 2053 cuius
223 1989 376 2053 manibus
393 2010 455 2053 ceu
471 1990 609 2072 pinguia
626 1990 742 2053 sucina
758 1991 856 2054 tritas

60 2099 170 2162 cernis
188 2098 425 2180 ephemeridas,
445 2119 530 2179 quae
547 2099 674 2161 nullum
693 2099 835 2161 consulit
854 2110 887 2163 et
904 2101 968 2163 iarn
1058 2110 1107 2159 610

60 2206 257 2281 consulitur,
276 2226 360 2288 quae
378 2216 487 2269 castra
503 2206 573 2268 viro
590 2207 798 2289 patriamque
815 2218 952 2289 petente
1037 2220 1077 2282 (57
1082 2219 1106 2283 5)

59 2336 129 2378 non
147 2315 207 2378 ibit
225 2315 357 2396 pariter,
376 2315 522 2377 numeris
540 2325 694 2378 revocata
711 2316 887 2400 Thrasylli.

59 2425 103 2487 ad
120 2423 261 2505 primum
281 2423 423 2504 lapidem
441 2423 565 2485 vectari
584 2444 658 2486 cum
676 2424 795 2504 placet,
814 2425 895 2487 hora

61 2531 206 2595 sumitur
223 2551 263 2593 ex
280 2531 385 2607 libro;
410 2530 439 2593 si
456 2531 561 2612 prurit
579 2531 698 2594 frictus
715 2532 811 2594 ocelli

60 2639 216 2723 angulus,
235 2639 388 2720 inspecta
403 2640 519 2722 genesi
538 2639 673 2723 collyria
691 2640 818 2720 poscit;

60 2769 162 2832 aegra
179 2748 258 2812 licet
278 2749 393 2823 iaceat,
414 2748 574 2829 capiendo
592 2747 683 2810 nulla
699 2749 830 2811 videtur

61 2857 171 2940 aptior
187 2857 268 2919 hora
285 2856 359 2920 cibo
377 2857 441 2918 nisi
457 2877 555 2937 quarn
573 2857 702 2918 dederit
721 2857 889 2920 Petosiris

62 2967 90 3029 si
109 2965 285 3029 mediocris
303 2966 376 3039 erit,
397 2965 540 3046 spatium
560 2965 716 3028 lustrabit
733 2964 900 3046 utrimque

62 3085 226 3138 metarum
245 3083 278 3137 et
297 3083 405 3137 sortes
423 3076 522 3139 ducet
539 3075 753 3157 frontemque
771 3095 971 3156 manumque

62 3184 236 3268 praebebit
253 3184 321 3246 vati
338 3185 490 3247 crebrum
508 3205 693 3269 poppysma
710 3184 851 3266 roganti.
1060 3192 1108 3241 620

61 3294 223 3359 divitibus
241 3314 400 3375 responsa
416 3294 541 3357 dabunt
561 3295 669 3378 Phryx
686 3315 791 3375 augur
808 3304 840 3356 et
860 3293 971 3367 Indae,
1037 3301 1106 3365 (585)

62 3405 249 3469 conductus
267 3403 359 3467 dabit
377 3413 541 3465 astrorum
559 3403 741 3484 mundique
759 3397 886 3484 peritus

61 3524 164 3596 atque
180 3512 301 3594 aliquis
319 3511 431 3574 senior
448 3511 504 3592 qui
521 3511 653 3592 publica
669 3511 802 3592 fulgura
819 3512 952 3574 condit:

62 3621 229 3704 plebeium
248 3620 282 3682 in
300 3620 388 3683 circo
405 3619 549 3700 positum
569 3628 621 3681 cst
639 3629 673 3682 et
691 3620 723 3680 in
742 3640 865 3702 aggere
880 3620 1007 3695 fatum;
