2422 4006
82 278 113 326 10
503 281 705 328 IVVENALIS

80 447 249 510 frontibus
267 457 306 510 et'
317 457 390 511 toto
407 468 548 530 posuere
566 448 701 511 monilia
717 449 801 511 collo

81 565 180 638 atque
197 556 318 619 bonam
336 565 471 619 tenerae
488 556 620 638 placant
639 557 815 619 abdomine
832 578 952 638 porcae

81 673 114 726 et
132 685 254 746 magno
271 673 399 728 cratere
415 665 521 728 deam.
572 666 630 727 sed
647 685 739 727 more
756 665 892 727 sinistro

83 769 250 852 exagitata
266 770 380 852 procul
400 790 466 832 non
484 770 587 832 intrat
604 770 729 833 femina
746 771 867 834 limen:

83 877 162 940 solis
179 896 236 940 ara
251 878 332 940 deae
350 877 498 940 maribus
514 887 617 959 patet.
669 878 734 940 ‘ite
751 877 929 960 profanae’

83 986 244 1049 clamatur
257 998 265 1024 ⁴
279 986 369 1049 nullo
385 985 489 1068 gemit
507 985 561 1049 hic
579 986 717 1049 tibicina
734 985 858 1050 cornu.'

83 1095 162 1157 talia
179 1105 307 1158 secreta
324 1095 496 1158 coluerunt
514 1093 608 1184 orgia
623 1094 721 1157 taeda

84 1202 279 1285 Cecropiam
296 1203 385 1272 soliti
404 1203 529 1283 Baptae
547 1203 672 1265 lassare
690 1203 847 1287 Cotyton.

82 1311 138 1374 ille
155 1311 368 1393 supercilium
387 1311 518 1374 madida
533 1311 675 1394 fuligine
692 1312 834 1374 tinctum

83 1420 217 1503 obliqua
233 1420 385 1502 producit
403 1441 464 1483 acu
482 1420 658 1503 pingitque
674 1421 850 1483 trementis

82 1528 238 1592 attollens
255 1529 389 1606 oculos;
413 1529 519 1591 vitreo
537 1528 620 1591 bibit
638 1528 693 1590 ille
710 1528 824 1610 priapo

83 1637 325 1719 reticulumque
342 1637 446 1701 cornis
463 1645 616 1700 auratum
634 1635 828 1717 ingentibus
846 1637 961 1719 implet

83 1747 233 1809 caerulea
250 1746 386 1808 indutus
404 1744 571 1809 scutulata
587 1755 643 1808 aut
661 1744 795 1827 galbina
812 1766 885 1807 rasa

83 1864 115 1917 et
133 1865 192 1936 per
209 1855 371 1917 Iunonem
389 1852 515 1916 domini
531 1853 661 1916 iurante
679 1853 848 1929 ministr0;

82 1962 136 2026 ille
153 1973 247 2026 tenet
264 1962 446 2046 speculum,
465 1961 591 2044 pathici
609 1971 781 2044 gestamen
800 1961 954 2037 Othonis,

82 2071 219 2135 Actoris
237 2071 399 2145 Aurunci
410 2070 561 2153 spolium,
580 2089 646 2153 quo
664 2090 700 2133 se
717 2070 772 2133 ille
788 2071 921 2133 videbat

82 2191 245 2243 armatum
263 2201 338 2244 cum
356 2180 419 2243 iam
440 2179 510 2242 tolli
527 2179 647 2243 vexilla
663 2179 793 2252 iuberet
804 2216 848 2225 -

83 2309 135 2352 res
154 2290 367 2352 memoranda
384 2288 479 2352 novis
496 2287 671 2351 annalibus
688 2298 789 2370 atque
807 2287 934 2350 recenti

82 2398 229 2473 historia,
249 2397 423 2480 speculum
440 2397 546 2461 civilis
565 2396 695 2460 sarcina
710 2396 797 2459 belli.

82 2507 238 2570 nimirum
256 2506 375 2569 summi
393 2505 487 2570 ducis
504 2515 555 2569 est
573 2505 725 2569 occidere
743 2504 883 2568 Galbam

82 2625 115 2678 et
133 2636 247 2678 curare
265 2625 384 2690 cutem,
402 2615 526 2678 summi
544 2613 734 2678 constantia
750 2613 830 2677 civis

83 2724 250 2787 Bebriacis
268 2724 393 2806 campis
412 2723 553 2805 spolium
571 2723 741 2786 adfectare
760 2721 864 2784 Palati

82 2843 115 2895 et
133 2853 284 2915 pressum
302 2832 336 2894 in
352 2831 438 2894 facie
456 2831 571 2914 digitis
588 2831 769 2894 extendere
786 2851 915 2912 panem,

81 2943 169 3024 quod
186 2961 248 3005 nec
265 2941 299 3003 in
317 2940 459 3025 Assyrio
476 2939 667 3022 pharetrata
684 2938 877 3003 Semiramis
894 2939 984 3014 orbe,

82 3059 209 3113 maesta
225 3070 286 3113 nec
304 3049 445 3114 Actiaca
463 3049 544 3112 fecit
564 3048 741 3130 Cleopatra
758 3047 939 3111 carina—.

81 3159 135 3222 hic
152 3158 263 3221 nullus
280 3158 391 3222 verbis
408 3159 514 3241 pudor
531 3166 587 3220 aut
606 3157 792 3220 reverentia
809 3175 954 3230 mensae,
1078 3177 1124 3212 110

81 3267 135 3331 hic
153 3267 258 3349 turpis
277 3266 421 3351 Cybeles
439 3275 472 3329 et
489 3266 596 3330 fracta
613 3285 695 3329 voce
711 3264 869 3348 loquendi

81 3376 218 3439 libertas
236 3386 268 3438 et
287 3376 378 3439 crine
395 3395 497 3439 senex
514 3375 680 3438 fanaticus
698 3374 773 3437 albo

82 3505 249 3548 sacrorum
268 3484 420 3559 antistes,
440 3504 548 3546 rarum
566 3504 604 3546 ac
622 3482 837 3546 memorabile
856 3481 968 3564 magni

81 3593 226 3675 gutturis
246 3592 433 3675 exemplum
452 3592 756 3674 conducendusque
773 3590 939 3673 magister.
