2422 4006
469 283 614 332 SATVRA
639 285 694 332 VII
781 293 786 301 '

55 451 242 532 adpositam
259 451 375 533 nigrae
393 452 505 514 lunam
524 453 671 514 subtexit
689 453 819 529 alutae;

55 559 134 621 ielix
150 568 262 622 orator
279 579 411 640 quoque
428 559 592 623 maximus
610 569 643 622 et
661 561 829 636 iaculator,

56 679 88 730 et
107 666 136 730 si
152 666 315 748 perfrixit,
335 676 448 729 cantat
466 667 563 730 bene.
612 668 714 730 distat
733 669 821 731 enim
839 690 924 751 quae

56 777 217 840 siderate
234 775 401 857 excipiant
418 776 516 839 modo
533 777 658 857 primos
677 777 893 858 incipientem
1058 797 1104 850 195

56 885 154 948 edere
171 884 303 966 vagitus
320 893 354 946 et
371 884 479 948 adhuc
497 905 516 946 a
533 895 639 948 matre
656 886 841 948 rubentem.

57 993 84 1056 si
102 995 252 1056 Fortuna
268 992 367 1067 volet,
386 993 446 1055 fies
465 993 506 1055 de
524 993 657 1056 rhetore
675 994 810 1069 consul;

57 1101 83 1164 si
99 1101 189 1163 volet
208 1100 289 1164 haec
303 1101 428 1174 eadem,
447 1101 505 1163 fiet
522 1101 564 1164 de
581 1102 718 1165 consule
736 1102 857 1165 rhetor.

56 1209 237 1272 Ventidius
254 1208 332 1290 quid
350 1208 438 1271 enim
452 1210 469 1270 ?.
488 1209 569 1291 quid
585 1209 740 1272 Tullius?
765 1230 852 1272 anne
873 1209 961 1272 aliud
979 1229 1076 1290 quam

56 1318 148 1381 sidus
165 1326 200 1380 et
217 1316 339 1380 occulti
358 1317 508 1381 miranda
524 1318 675 1398 potentia
690 1317 774 1379 fati?
1057 1338 1104 1373 200

56 1425 161 1489 servis
179 1445 284 1507 regna
299 1426 435 1501 dabunt,
455 1426 594 1507 captivis
611 1426 681 1489 fata
698 1427 914 1507 triumphum.

56 1535 135 1597 felix
152 1533 207 1596 ille
224 1542 336 1596 tamen
355 1555 453 1597 corvo
471 1555 603 1616 quoque
624 1535 727 1596 rarior
743 1535 827 1597 alb0.

56 1641 221 1724 paenituit
239 1641 364 1705 multos
381 1663 486 1705 vanae
504 1643 693 1724 sterilisque
711 1634 897 1716 cathedrae,

57 1751 144 1814 sicut
164 1750 356 1834 Lysimachi
374 1751 491 1831 probat
510 1752 617 1813 exitus
635 1747 735 1832 atque
756 1750 903 1814 Secundi

58 1858 261 1935 Carrinatis;
286 1867 321 1921 et
337 1859 426 1922 hunc
445 1859 577 1940 inopem
595 1859 732 1933 vidistis,
752 1859 920 1932 Athenae,
1058 1878 1104 1930 205

57 1966 103 2029 nil
120 1975 254 2048 praeter
270 1965 397 2048 gelidas
414 1987 515 2029 ausae
533 1967 686 2029 conferre
704 1967 840 2030 cicutas.

58 2075 100 2149 di,
120 2075 283 2136 maiorum
301 2075 427 2137 umbris
445 2084 579 2137 tenuem
599 2084 632 2137 et
651 2075 723 2137 sine
740 2076 888 2157 pondere
906 2084 1028 2137 terram

58 2183 282 2264 spirantisque
300 2203 414 2246 crocos
432 2193 465 2245 et
483 2184 514 2245 in
534 2205 617 2246 uma
633 2193 830 2265 perpetuum
848 2203 915 2258 ver,

58 2291 115 2372 qui
132 2300 382 2372 praeceptorem
401 2292 509 2354 sancti
526 2291 661 2354 voluere
678 2292 826 2372 parentis

59 2419 133 2462 esse
150 2399 234 2462 loco.
283 2409 438 2463 metuens
454 2400 568 2481 virgae
586 2400 650 2462 iam
669 2401 804 2482 grandis
822 2399 974 2462 Achilles
1058 2420 1104 2454 210

59 2508 215 2570 cantabat
233 2506 350 2588 patriis
368 2507 402 2569 in
420 2508 590 2571 montibus
608 2518 641 2569 et
659 2508 712 2570 cui
730 2528 796 2569 non
814 2517 895 2570 tunc

58 2615 194 2678 eliceret
212 2615 314 2678 risum
333 2615 516 2678 citharoedi
533 2618 638 2678 cauda
655 2615 808 2697 magistri
818 2637 825 2691 ;

59 2724 117 2785 sed
136 2723 264 2786 Rufum
282 2733 382 2805 atque
399 2724 481 2786 alios
499 2725 606 2787 caedit
626 2745 686 2786 sua
703 2744 870 2806 quemque
889 2724 1052 2795 iuventus

60 2831 202 2922 Rufum,
216 2851 315 2913 quem
333 2833 458 2894 totiens
476 2832 671 2895 Ciceronem
690 2831 875 2914 Allobroga
892 2832 985 2894 dixit.

106 2938 191 3021 Quis
209 2939 336 3021 gremio
355 2939 470 3002 Celadi
487 2941 643 3022 doctique
661 2940 868 3002 Palaemonis
886 2940 993 3002 adfert
1059 2960 1104 3009 215

58 3057 218 3128 quantum
238 3048 474 3129 grammaticus
492 3049 612 3110 meruit
631 3048 746 3111 labor?
772 3056 936 3110 ettamen
954 3068 994 3110 ex
1012 3048 1074 3109 hoc

57 3156 291 3238 quodcumque
301 3156 523 3229 est,-—minus
534 3167 584 3218 est
596 3166 813 3238 autemquam
821 3156 963 3218 rhetoris
973 3175 1105 3228 aera,—

57 3263 212 3345 discipuli
230 3273 343 3326 custos
361 3266 571 3345 praemordet
588 3274 845 3338 acoenonoetus,

57 3381 91 3435 et
109 3372 166 3454 qui
183 3372 365 3453 dispensat,
384 3372 509 3454 frangit
527 3372 599 3435 sibi.
650 3374 739 3446 cede,
762 3372 947 3446 Palaemon,

57 3489 91 3543 et
108 3489 223 3562 patere
242 3480 319 3542 inde
336 3480 460 3562 aliquid
477 3481 680 3555 decrescere,
700 3500 767 3542 non
786 3480 882 3543 aliter
899 3501 996 3561 quam
1058 3500 1105 3534 220

57 3589 193 3652 institor
209 3589 368 3655 hibernae
386 3589 510 3670 tegetis
528 3588 682 3670 niveique
699 3589 839 3662 cadurci,
