2422 4006
11 2880 88 2957 ¹¹(css’l

358 623 399 683 D.
433 621 553 683 IVNII
588 619 853 683 IVVENALIS

263 793 947 964 snrvnnuvu

444 1178 572 1234 LIBER
603 1178 766 1235 PRIMVS

510 1443 670 1495 SATVRA
695 1443 705 1492 1

88 1602 228 1684 Semper
244 1623 307 1685 ego
325 1603 453 1665 auditor
470 1601 625 1664 tantum?
659 1622 883 1684 numquamne
900 1622 1056 1683 reponam

10 1722 25 1789 t,
46 1762 57 1785 ,.
86 1722 223 1774 vexatus
241 1710 366 1800 totiens
384 1691 660 1773 rafici'Theseide
678 1709 800 1773 Cordi?

87 1819 209 1900 inpune
226 1839 306 1901 ergo
323 1818 405 1880 mihi
423 1818 612 1881 recitaverit
631 1817 685 1880 ille
642 1827 860 1913 togatas

88 1927 140 1990 hic
106 1926 335 2017 elegos?
327 1947 459 2049 mpupe
469 1926 557 1990 dlem
576 1927 821 2008 consumpserit
840 1927 959 2010 ingens
1074 2004 1077 2008 ¹

87 2035 257 2116 Telephus
273 2045 329 2098 aut
347 2016 468 2097 summi
459 2000 608 2116 plena
600 2055 661 2098 ram
680 2035 831 2117 margine
848 2034 921 2098 libri
1114 2057 1127 2107 5

87 2143 232 2229 scriptus
249 2152 282 2206 et
302 2143 334 2205 in
352 2153 448 2225 tergo
465 2144 607 2207 necdum
626 2143 696 2206 finit
684 2153 739 2206 tus
758 2143 921 2207 Orestes?

88 2260 167 2335 nota
183 2252 289 2333 magis
306 2250 388 2314 nulli
405 2252 522 2314 domus
540 2261 592 2344 est
610 2272 671 2315 sua
687 2272 785 2334 quam
804 2251 884 2313 mihi
900 2252 994 2315 lucus

89 2359 207 2422 Martis
226 2369 259 2422 et
277 2359 407 2422 Aeoliis
424 2348 569 2423 vicinum
588 2360 726 2445 rupibus
743 2368 947 2453 antrumc‘s
979 2400 983 2411 ι

87 2467 249 2543 Vulcani;
274 2468 353 2550 quid
371 2478 470 2550 agant
488 2468 590 2542 venti,
609 2488 691 2550 quas
708 2446 862 2557 torqueat
880 2470 1013 2531 umbras
1043 2468 1057 2543 ι’·
1097 2451 1117 2499 ··”

87 2575 231 2651 Aeacus
250 2576 338 2639 unde
356 2575 438 2639 alius
454 2575 598 2639 furtivae
615 2576 757 2639 devehat
775 2596 888 2639 aurum
1100 2601 1129 2634 10

86 2683 269 2765 pelliculae,
289 2693 431 2767 quantas
449 2684 610 2748 iaculetur
629 2684 817 2768 Monychus
834 2665 943 2759 ornos,

88 2793 267 2856 Frontonis
285 2792 353 2873 plat
355 2812 410 2855 am
402 2792 651 2874 convulsaque
669 2814 832 2856 marmora
849 2793 992 2857 clamant

21 2915 219 2982 semper
235 2910 268 2963 et
275 2899 422 2964 adsiduo
439 2911 557 2982 ruptae
574 2901 699 2964 lectore
715 2902 898 2965 columnae

86 3018 262 3090 exspectes
281 2989 396 3072 eadem
412 3028 432 3071 a
449 3029 579 3072 summo
598 3010 801 3091 minimoque
818 3018 924 3090 poeta.

86 3126 119 3179 et
137 3137 198 3180 nos
216 3137 296 3198 ergo
314 3137 447 3180 manum
465 3117 592 3181 ferulae
609 3118 889 3192 subduximust
857 3126 889 3179 et
908 3137 968 3178 nos
1100 3139 1128 3189 15

85 3225 261 3288 consillum
279 3225 430 3288 dedimus
449 3225 571 3300 Sullae,
590 3227 739 3307 privatus
757 3236 794 3288 ut
812 3226 915 3288 altum

85 3317 269 3397 dormiret(
304 3333 408 3396 stulta
425 3343 477 3396 est
495 3334 681 3417 clementia,
702 3355 777 3397 cum
794 3342 846 3396 tot
863 3334 986 3415 ubique

84 3441 217 3505 vatibus
234 3461 397 3516 occurras
417 3442 585 3523 periturae
601 3442 737 3523 parcere
754 3442 898 3505 chartae.

85 3569 144 3612 cur
159 3558 272 3612 tamen
292 3549 353 3612 hoc
370 3549 483 3630 potius
500 3549 602 3612 libeat
620 3550 796 3612 decurrere
814 3570 941 3630 camp0,
