2422 4006
479 276 625 324 SATVRA
651 276 704 324 Vll

64 442 130 506 hoc
149 443 254 506 satius
271 464 371 526 quam
389 443 417 506 si
433 443 525 508 dicas
543 444 606 507 sub
624 443 732 507 iudice
751 443 855 506 ‘vidi’

64 552 156 632 quod
173 571 241 614 non
259 534 380 627 vidisti,
398 551 524 616 faciant
542 551 672 635 equites
690 550 811 615 Asiani

65 678 266 741 quamquam
281 668 314 722 et
329 659 545 742 Cappadoces
560 660 688 724 faciant
705 660 902 743 equitesque
915 660 1063 744 Bithyni,
1086 680 1115 733 15

64 766 173 829 altera
188 787 272 849 quos
290 769 379 831 nudo
397 768 542 832 traducit
560 768 669 832 Gallia
685 768 762 832 talo.
841 784 847 799 ·

65 894 167 937 nemo
184 883 299 938 tamen
316 876 435 940 studiis
453 877 626 959 indignum
642 876 731 939 ferre
747 877 895 940 laborem

65 992 208 1065 cogetur
224 983 375 1065 posthac,
393 985 500 1048 nectit
517 985 718 1068 quicumque
736 986 866 1049 canoris

65 1090 235 1173 eloquium
253 1093 367 1156 vocale
383 1093 491 1157 modis
508 1093 706 1176 laurumque
723 1093 909 1157 momordit.

64 1199 131 1263 hoc
148 1200 248 1282 agite,
266 1221 286 1264 o
303 1201 450 1266 iuvenes.
500 1202 726 1284 circumspicit
744 1213 777 1265 et
796 1200 945 1265 stimulat
963 1222 1021 1265 vos

64 1308 308 1390 materiamque
324 1309 387 1372 sibi
404 1310 499 1373 ducis
517 1310 728 1392 indulgentia
744 1310 883 1392 quaerit.

65 1416 163 1498 siqua
180 1416 314 1480 aliunde
332 1427 430 1501 putas
448 1439 558 1481 rerum
577 1419 760 1501 spectanda
776 1429 907 1481 tuarum
985 1472 989 1478 .

64 1524 232 1606 praesidia
247 1535 349 1608 atque
364 1526 439 1590 ideo
457 1546 595 1590 croceae
611 1527 804 1590 membrana
820 1526 963 1590 tabellae

64 1633 233 1714 impletur,
252 1633 419 1716 lignorum
437 1634 562 1718 aliquid
578 1655 681 1716 posce
697 1635 790 1698 ocius
808 1644 842 1698 et
859 1654 944 1717 quae

65 1741 251 1823 componis,
270 1743 357 1805 dona
373 1743 527 1817 Veneris,
546 1744 714 1819 Telesinc,
732 1744 861 1818 marito,

64 1859 125 1911 aut
142 1850 239 1913 clude
256 1859 290 1913 et
306 1851 435 1933 positos
452 1852 544 1914 tinea
563 1853 728 1932 pertunde
744 1852 884 1915 libellos.
998 1907 999 1911 ,

63 1958 186 2041 frange
204 1958 305 2022 miser
322 1959 485 2023 calamum
502 1960 705 2042 vigilataque
721 1960 846 2041 proelia
862 1961 945 2033 dele,

65 2066 125 2147 qui
141 2066 225 2130 facis
242 2067 276 2129 in
294 2088 395 2150 parva
412 2067 567 2131 sublimia
584 2068 731 2131 carmina
747 2068 839 2143 cella,

65 2182 105 2236 ut
122 2174 244 2256 dignus
261 2175 376 2238 venias
393 2175 526 2238 hederis
544 2185 577 2238 et
595 2176 740 2258 imagine
757 2196 876 2240 macra.

66 2302 145 2362 spes
163 2282 254 2345 nulla
270 2282 426 2359 ulterior;
453 2284 568 2348 didicit
587 2284 652 2346 iam
669 2284 762 2346 dives
779 2304 896 2347 avarus

64 2398 198 2453 tantum
214 2390 378 2466 admirari,
397 2402 530 2455 tantum
547 2392 681 2454 laudare
697 2391 850 2466 disertos,

65 2507 104 2559 ut
122 2498 216 2579 pueri
234 2498 373 2562 Iunonis
390 2520 495 2564 avem.
545 2500 604 2562 sed
622 2499 738 2562 defluit
755 2509 847 2562 aetas

66 2616 100 2667 et
119 2605 228 2688 pelagi
245 2607 377 2688 patiens
394 2616 428 2669 et
446 2607 585 2671 cassidis
603 2618 704 2689 atque
721 2607 852 2688 ligonis.

66 2714 176 2777 taedia
192 2725 273 2778 tunc
291 2716 436 2778 subeunt
455 2716 594 2795 animos,
612 2725 694 2778 tunc
712 2736 815 2796 seque
832 2736 992 2798 suamque

66 2823 314 2905 Terpsichoren
331 2824 401 2885 odit
418 2823 563 2886 facunda
580 2833 613 2885 et
631 2824 721 2886 nuda
738 2833 904 2887 senectus¹

114 2931 243 3012 Accipe
260 2952 350 2994 nunc
366 2941 466 2994 artes.
516 2952 558 2994 ne
575 2932 655 3013 quid
672 2932 734 2995 tibi
752 2933 902 3001 conferat
922 2933 985 2995 iste

66 3059 165 3122 quem
183 3039 266 3103 colis
283 3049 317 3103 et
336 3041 509 3103 Musarum
528 3050 561 3103 et
579 3041 747 3122 Apollinis
764 3042 847 3103 aede
864 3041 988 3115 relicta,

67 3148 138 3229 ipse
154 3148 236 3211 facit
253 3169 378 3223 versus,
398 3158 498 3231 atque
516 3150 572 3212 uni
589 3149 676 3212 cedit
696 3150 845 3212 Homero

66 3265 204 3339 propter
220 3257 310 3319 mille
327 3277 442 3321 annos.
493 3268 526 3319 et
545 3257 572 3320 si
590 3258 767 3321 dulcedine
783 3258 892 3321 famae

66 3385 251 3430 succensus
265 3365 398 3440 recites,
419 3366 607 3430 Maculonis
625 3367 814 3429 commodat
831 3367 941 3430 aedes.
1080 3387 1112 3432 40

66 3474 148 3539 haec
165 3474 267 3556 longe
283 3473 407 3536 ferrata
423 3475 541 3537 domus
558 3473 684 3537 servire
700 3474 843 3548 iubetur,

67 3583 183 3664 inqua
202 3581 361 3644 sollicitas
376 3582 529 3645 imitatur
546 3582 643 3645 ianua
664 3592 784 3664 portas
