2422 4006
488 294 634 342 SATVRA
659 295 687 342 11

63 462 197 536 vellera,
215 481 275 523 vos
293 461 387 524 tenui
405 471 645 543 praegnantem
664 462 807 525 stamine
823 463 936 526 iusum

64 570 231 651 Penelope
249 568 377 642 melius,
396 568 502 632 levius
520 569 684 652 torquetis
702 569 870 646 Arachne,

11 702 15 725 ε
63 678 198 740 horrida
214 676 311 759 quale
328 676 411 740 iacit
428 677 578 740 residens
595 677 629 740 in
648 678 763 742 codice
780 678 905 760 paelex.

63 795 182 848 notum
200 794 253 848 est
270 806 329 848 cur
346 785 417 847 solo
435 785 566 848 tabulas
584 785 761 868 inpleverit
781 787 900 849 Hister

63 894 195 968 libert0,
214 894 344 956 dederit
361 894 455 956 vivus
474 914 533 956 cur
550 893 654 956 multa
671 894 811 976 puellae.

64 1002 159 1064 dives
177 1003 239 1064 erit
258 1022 381 1084 magno
397 1022 482 1084 quae
499 1002 621 1064 dormit
638 1004 738 1065 tertia
754 1002 851 1070 lect0.

63 1121 101 1172 tu
119 1111 209 1173 nube
225 1119 325 1192 atque
343 1118 437 1173 tace:
462 1111 588 1173 donant
605 1131 726 1174 arcana
743 1111 923 1195 cylindros.

63 1220 106 1280 de
123 1219 219 1282 nobis
236 1229 311 1300 post
330 1219 411 1281 haec
429 1219 536 1281 tristis
554 1219 724 1282 sententia
740 1219 870 1286 fertur?

63 1327 121 1388 dat
138 1327 268 1389 veniam
287 1327 404 1402 corvis,
423 1337 520 1390 vexat
538 1347 679 1390 censura
696 1328 889 1392 columbas.’

113 1435 285 1516 Fugerunt
303 1435 424 1517 trepidi
440 1455 519 1498 vera
535 1456 573 1498 ac
590 1435 769 1498 manifesta
786 1447 961 1500 canentem

65 1542 254 1619 Stoicidae3
279 1543 358 1625 quid
375 1543 464 1606 enim
482 1543 559 1606 falsi
579 1545 744 1606 Laronia?
777 1546 836 1607 sed
854 1545 932 1626 quid

63 1671 132 1713 non
149 1650 275 1714 facient
290 1651 355 1726 alii,
375 1672 451 1716 cum
468 1661 505 1714 tu
522 1652 671 1715 multicia
688 1673 809 1728 sumas,

64 1759 207 1834 Cretice,
227 1770 260 1823 et
278 1761 363 1824 hanc
379 1770 508 1823 vestem
525 1760 647 1843 populo
665 1761 807 1824 mirante
824 1782 958 1842 perores

62 1867 98 1928 in
118 1867 273 1931 Proculas
291 1876 324 1929 et
343 1867 517 1930 Pollittas?
551 1878 603 1931 est
621 1870 760 1932 moecha
778 1869 926 1944 Fabulla,

61 1976 249 2050 damnetur,
270 1976 298 2038 si
314 1975 373 2049 vis,
392 1975 492 2037 etiam
512 1976 658 2040 Carfinia
675 1977 775 2039 talem

60 2104 131 2146 non
149 2092 258 2147 sumet
276 2084 434 2146 damnata
450 2093 573 2165 togam.
625 2088 702 2148 ‘sed
722 2087 825 2149 Iulius
843 2088 946 2161 ardet,

60 2191 200 2254 aestuo’
251 2192 359 2254 nudus
377 2212 478 2274 agas:
504 2192 614 2255 minus
632 2203 683 2255 est
702 2194 830 2257 insania
846 2196 963 2275 turpis.

60 2320 105 2361 en
123 2300 273 2363 habitum
291 2321 356 2383 quo
374 2310 408 2362 te
426 2300 518 2382 leges
535 2322 573 2365 ac
591 2302 662 2363 iura
678 2303 843 2364 ferentem

59 2406 255 2471 vulneribus
274 2409 384 2472 crudis
401 2408 543 2491 populus
561 2411 659 2472 modo
676 2410 782 2472 victor
799 2420 831 2471 et
851 2410 930 2473 illud

60 2524 258 2578 montanum
277 2516 395 2599 positis
413 2518 543 2580 audiret
560 2517 680 2598 vulgus
698 2518 824 2581 aratris.

59 2624 141 2705 quid
159 2645 224 2687 non
242 2624 436 2706 proclames,
458 2626 491 2686 in
509 2646 647 2706 corpore
665 2625 782 2689 iudicis
792 2625 864 2687 ista

60 2732 89 2792 si
105 2731 241 2795 videas?
275 2753 397 2814 quaero
414 2754 455 2795 an
473 2735 613 2796 deceant
634 2733 782 2796 multicia
795 2743 926 2798 testem.

59 2859 138 2901 acer
155 2848 188 2902 et
206 2840 388 2903 indomitus
406 2841 639 2924 libertatisque
656 2842 824 2923 magister,

60 2947 204 3022 Cretice,
223 2947 383 3028 perluces.
435 2949 526 3011 dedit
544 2949 630 3012 hanc
648 2950 803 3031 contagio
820 2950 928 3012 labem

59 3065 94 3118 et
112 3056 203 3118 dabit
223 3057 256 3117 in
274 3057 394 3137 plures,
414 3057 501 3121 sicut
519 3078 599 3139 grex
612 3067 704 3120 totus
722 3058 755 3118 in
772 3058 860 3138 agris
891 3115 893 3119 .

59 3165 157 3227 unius
176 3165 287 3227 scabie
304 3166 392 3229 cadit
410 3176 443 3228 et
461 3167 630 3248 porrigine
647 3167 738 3248 porci

59 3292 189 3355 uvaque
207 3284 387 3355 conspecta
404 3275 538 3338 livorem
557 3275 647 3338 ducit
666 3275 707 3336 ab
725 3295 810 3356 uva..

57 3380 189 3443 foedius
207 3381 270 3445 hoc
287 3383 409 3465 aliquid
427 3385 626 3465 quandoque
643 3382 781 3444 audebis
795 3382 936 3446 amictu:

57 3509 158 3551 nemo
177 3499 315 3571 repente
332 3490 396 3553 fuit
414 3492 637 3572 turpissimus.
689 3490 853 3572 accipient
871 3501 905 3551 te

56 3595 218 3678 paulatim
236 3598 292 3680 qui
310 3597 409 3680 longa
426 3599 517 3660 domi
534 3597 727 3662 redimicula
746 3608 881 3660 sumunt
