2422 4006
85 278 133 328 100
506 279 709 327 IVVENALIS

83 448 205 529 praeda
222 447 423 510 caballorum
443 457 576 529 praetor
593 448 687 510 sedet
705 467 752 521 ac,
773 447 856 510 mihi
873 469 956 530 pace
1079 468 1118 522 195

82 558 267 621 immensae
284 555 473 638 nimiaeque
490 556 567 619 licet
587 556 615 619 si
632 556 743 619 dicere
759 555 879 638 plebis,

81 676 188 730 totam
205 665 304 728 hodie
323 666 465 728 Romam
483 664 592 728 circus
609 664 708 746 capit,
728 673 762 727 et
780 663 893 747 fragor
909 686 1022 730 aurem

82 774 237 857 percutit,
256 782 414 836 eventum
431 772 545 835 viridis
561 793 627 855 quo
644 772 765 854 colligo
782 774 893 854 panni.

83 904 159 946 nam
177 883 205 945 si
222 883 389 956 deficeret,
408 891 569 944 maestam
587 883 831 964 attonitamque
849 883 980 947 videres

83 994 168 1055 hanc
186 991 302 1054 urbem
319 990 421 1053 veluti
441 990 632 1053 Cannarum
650 990 683 1052 in
701 990 837 1072 pulvere
855 991 953 1056 victis
1080 1014 1123 1048 200

83 1099 285 1163 consulibus.
334 1108 487 1180 spectent
507 1098 653 1173 iuvenes,
673 1119 756 1180 quos
775 1099 900 1163 clamor
916 1110 950 1163 et
967 1102 1073 1164 audax

83 1209 229 1290 sponsio,
248 1227 331 1289 quos
349 1206 459 1270 cultae
476 1207 573 1271 decet
591 1207 762 1270 adsedisse
779 1208 930 1289 puellae:

83 1328 198 1380 nostra
214 1316 307 1379 bibat
323 1335 461 1378 vernum
480 1324 652 1379 contracta
669 1316 815 1379 cuticula
832 1316 935 1379 solem

83 1425 291 1506 effugiatque
307 1434 431 1506 togam.
480 1424 544 1486 iam
562 1444 652 1487 nunc
669 1424 703 1486 in
720 1424 839 1488 balnea
856 1424 947 1487 salva

81 1534 194 1596 fronte
212 1532 290 1595 licet
306 1532 416 1606 vadas,
436 1552 635 1613 quamquam
654 1533 758 1596 solida
774 1533 855 1596 hora
871 1533 1018 1615 supersit
1080 1553 1123 1606 205

82 1643 123 1705 ad
141 1651 280 1705 sextam.
329 1641 440 1704 facere
457 1641 520 1704 hoc
538 1661 605 1703 non
623 1641 733 1722 possis
752 1641 900 1724 quinque
917 1642 1037 1706 diebus

83 1750 263 1824 continuis,
282 1749 360 1831 quia
376 1757 454 1812 sunt
473 1748 549 1811 talis
566 1769 698 1831 quoque
714 1749 825 1812 taedia
842 1749 930 1813 vitae

83 1879 222 1940 magna;
247 1856 436 1939 voluptates
454 1858 667 1920 commendat
685 1857 789 1921 rarior
807 1878 897 1922 usus.

475 2131 636 2183 SATVRA
665 2130 723 2182 XII

84 2290 207 2364 Natali,
227 2289 453 2362 Corvine,¹die
470 2288 552 2354 mihi
568 2288 696 2352 dulcior
714 2289 795 2352 haec
812 2290 876 2364 lux,

82 2419 147 2480 qua
163 2399 274 2461 festus
292 2396 455 2478 promissa
471 2397 542 2459 deis
560 2396 714 2459 animalia
732 2418 869 2480 caespes

82 2515 263 2588 exspectat.
312 2505 443 2567 niveam
463 2504 598 2586 reginae
616 2505 769 2568 ducimus
787 2527 918 2588 agnam,

82 2636 141 2696 par
157 2613 263 2677 vellus
281 2613 414 2676 dabitur
431 2613 595 2694 pugnanti
613 2613 772 2695 Gorgone
792 2615 918 2690 Maura,

82 2725 140 2786 sed
158 2721 272 2805 procul
290 2731 467 2784 extensum
485 2721 639 2803 petulans
657 2722 764 2803 quatit
783 2723 894 2786 hostia
910 2723 1025 2787 funem
1112 2743 1124 2795 ς

82 2831 224 2912 Tarpeio
242 2839 373 2893 servata
391 2830 462 2892 Iovi
478 2830 692 2911 frontemque
709 2841 873 2905 coruscat,

81 2940 203 3021 quippe
220 2939 313 3001 ferox
330 2939 456 3000 vitulus
474 2939 609 3019 templis
627 2948 778 3002 maturus
795 2950 829 3002 et
846 2960 922 3002 arae
1033 2967 1035 2971 ⁴

82 3049 357 3130 spargendusque
374 3067 475 3122 mero,
494 3067 592 3128 quem
611 3047 674 3109 iam
693 3048 796 3128 pudet
814 3049 918 3111 ubera
935 3050 1051 3113 matris

81 3157 212 3231 ducere,
231 3157 288 3237 qui
303 3166 400 3218 vexat
419 3156 570 3218 nascenti
587 3155 706 3217 robora
727 3176 840 3220 cornu.

81 3265 109 3327 si
126 3285 179 3326 res
197 3263 305 3345 ampla
321 3264 411 3326 domi
430 3264 614 3345 similisque
631 3263 820 3326 adfectibus
838 3274 939 3340 esset,
1098 3286 1126 3321 10

81 3373 235 3454 pinguior
254 3372 411 3453 Hispulla
428 3373 616 3434 traheretur
632 3381 749 3435 taurus
767 3382 800 3434 et
819 3373 890 3454 ipsa

81 3479 168 3542 mole
184 3481 288 3562 piger,
308 3500 370 3542 nec
387 3481 529 3543 finitima
545 3481 693 3543 nutritus
712 3481 744 3542 in
763 3481 875 3555 herba,

81 3589 167 3651 laeta
185 3589 245 3650 sed
263 3588 445 3650 ostendens
465 3587 626 3651 Clitumni
644 3608 766 3670 pascua
783 3589 920 3670 sanguis
