2422 4006
99 299 132 348 26
187 364 192 372 .
520 300 722 348 rvveunms

100 467 225 531 exclusi
241 476 394 549 spectant
411 467 555 530 admissa
572 468 711 530 obsonia
727 477 848 549 patres

100 577 167 638 itur
182 576 223 638 ad
241 573 396 638 Atriden.
446 583 517 637 tum
537 574 655 638 Picens
674 576 824 658 ‘accipe’
843 577 926 639 dixit

102 683 257 766 ‘privatis
276 683 399 746 maiora
415 683 510 747 focis.
559 673 703 766 genialis
718 694 837 766 agatur

100 793 164 855 iste
181 791 261 865 dies,
281 811 422 873 propera
439 791 647 854 stomachum
665 791 773 855 laxare
790 793 914 875 sagina,

100 911 133 964 et
152 909 209 963 tua
226 909 392 963 servatum
411 920 570 962 consume
588 900 621 961 in
640 901 772 963 saecula
788 901 974 966 rhombum.

100 1010 172 1090 ipse
189 1008 263 1090 capi
279 1007 404 1071 voluit!
453 1009 531 1091 quid
548 1009 719 1090 apertius?
745 1021 777 1071 et
795 1018 907 1072 tamen
925 1010 971 1072 illi

101 1116 283 1199 surgebant
301 1116 441 1192 cristae;
465 1116 547 1178 nihil
565 1126 617 1180 est
635 1117 723 1199 quod
740 1118 875 1180 credere
892 1118 933 1180 de
951 1139 987 1180 se

101 1245 167 1287 non
185 1224 291 1306 possit
309 1245 384 1287 cum
402 1224 556 1287 laudatur
572 1225 623 1301 dis
640 1245 745 1308 aequa
762 1235 920 1307 potestas.

101 1335 159 1396 sed
176 1334 271 1396 derat
288 1333 371 1414 pisci
388 1327 522 1415 patinae
539 1353 703 1397 mensura.
753 1345 915 1397 vocantur
961 1389 964 1392 ,

101 1462 180 1524 ergo
198 1442 232 1503 in
249 1440 424 1504 consilium
441 1462 605 1523 proceres,
624 1462 707 1524 quos
724 1442 839 1504 oderat
857 1441 921 1518 ille,

102 1551 135 1612 in
152 1570 291 1632 quorum
310 1549 394 1612 facie
410 1549 551 1612 miserae
568 1570 775 1632 magnaeque
793 1550 931 1613 sedebat

101 1657 205 1739 pallor
221 1657 395 1720 amicitiae.
446 1657 572 1739 primus
589 1657 753 1721 clamante
772 1658 921 1720 Liburno

104 1766 254 1840 ‘currite
274 1766 337 1828 iam
356 1764 461 1829 sedit’
480 1775 574 1848 rapta
591 1766 788 1848 properabat
805 1766 913 1829 abolla

103 1875 258 1957 Pegasus,
277 1875 440 1938 attonitae
457 1875 586 1956 positus
604 1876 702 1938 modo
719 1874 837 1937 vilicus
854 1875 936 1938 urbi.

102 2003 188 2046 anne
205 1982 293 2046 aliud
311 1992 382 2046 tum
399 1983 584 2065 praefecti?
632 2003 772 2066 quorum
789 1983 936 2064 optimus
952 1993 1053 2065 atque

102 2092 267 2174 interpres
284 2091 396 2174 legum
415 2091 646 2155 sanctissimus
664 2092 783 2167 omnia,
803 2111 1003 2174 quamquam

102 2201 309 2282 temporibus
326 2200 416 2276 diris,
436 2201 611 2264 tractanda
626 2201 765 2282 putabat
782 2198 898 2263 inermi

103 2288 238 2372 iustitia.
288 2310 380 2371 venit
398 2318 431 2372 et
450 2309 560 2390 Crispi
578 2308 722 2372 iucunda
738 2318 905 2383 senectus,

103 2417 196 2481 cuius
214 2428 308 2480 erant
326 2437 435 2480 mores
452 2417 558 2506 qualis
575 2417 739 2492 facundia,
758 2416 839 2480 mite

103 2525 284 2608 ingenium.
334 2526 436 2588 maria
452 2546 491 2589 ac
508 2535 613 2588 terras
631 2525 837 2608 populosque
853 2525 986 2608 regenti

103 2634 176 2715 quis
194 2654 307 2697 comes
324 2634 444 2710 utilior,
464 2634 492 2696 si
509 2634 602 2697 clade
620 2643 654 2696 et
671 2643 766 2716 peste
784 2634 846 2697 sub
863 2632 918 2696 illa

104 2743 276 2806 saevitiam
293 2743 449 2806 damnare
467 2752 500 2805 et
518 2743 695 2806 honestum
713 2743 843 2805 adferre
860 2742 975 2805 liceret

104 2851 302 2914 consilium?
328 2852 386 2914 sed
404 2851 482 2934 quid
499 2850 679 2914 violentius
696 2871 775 2913 aure
793 2851 934 2935 tyranni,

104 2980 179 3022 cum
196 2980 262 3042 quo
280 2960 321 3022 de
337 2945 459 3042 pluviis
476 2968 532 3022 aut
550 2959 699 3022 aestibus
715 2969 773 3022 aut
791 2959 943 3022 nimboso

104 3088 182 3130 vere
197 3067 341 3131 locuturi
359 3069 465 3131 fatum
483 3068 650 3149 pendebat
667 3067 789 3131 amici?

104 3175 159 3240 ille
176 3176 279 3258 igitur
294 3196 475 3258 numquam
492 3175 620 3239 derexit
637 3175 792 3239 bracchia
808 3184 924 3238 contra

80 3294 298 3362 -torrentem,
316 3305 379 3348 nec
396 3284 478 3348 civis
496 3293 567 3347 erat
585 3284 641 3366 qui
658 3283 763 3347 libera
779 3293 893 3365 posset

103 3394 205 3457 verba
221 3393 322 3456 animi
338 3393 488 3475 proferre
506 3401 539 3456 et
555 3392 659 3456 vitam
677 3392 859 3473 inpendere
875 3411 965 3455 vero

105 3503 152 3565 sic
170 3502 291 3565 multas
308 3502 435 3564 hiemes
452 3511 552 3583 atque
569 3500 799 3582 octogensima
814 3500 897 3562 vidit

105 3609 257 3686 solstitia,
276 3610 328 3673 his
344 3610 445 3673 armis
462 3610 516 3672 illa
533 3629 664 3692 quoque
681 3617 775 3672 tutus
793 3609 826 3669 in
844 3607 925 3671 aula.
