2422 4006
114 276 145 324 22
535 279 738 327 IVVENALIS

114 444 202 527 quod
219 445 362 526 spatium
380 447 479 509 tectis
497 446 697 509 sublimibus
715 448 803 509 unde
820 449 993 511 cerebrum
1025 448 1028 452 ’

114 562 203 616 testa
218 553 306 628 ferit,
325 554 478 636 quotiens
496 555 618 618 rimosa
634 565 668 617 et
686 564 779 618 curta
795 555 954 619 fenestris
1110 578 1161 626 270

113 683 192 726 vasa
209 662 338 737 cadant,
357 672 482 744 quanto
499 683 694 745 percussum
712 664 859 745 pondere
877 664 1012 747 signent

113 781 147 835 et
164 772 297 834 laedant
314 768 452 835 silicem.
503 772 612 853 possis
631 772 771 854 ignavus
788 772 903 835 haberi

113 891 147 944 et
163 879 265 943 subiti
283 899 380 942 casus
397 879 599 961 inprovidus
618 880 659 942 ad
677 900 792 943 cenam
811 881 839 943 si

113 990 294 1052 intestatus
312 1007 388 1051 eas:
413 989 495 1050 adeo
512 997 563 1050 tot
580 988 650 1050 fata
667 997 748 1070 quot
766 988 821 1051 illa

113 1106 212 1161 nocte
229 1105 346 1178 patent
363 1096 481 1178 vigiles
498 1106 533 1159 te
549 1106 785 1181 praetereunte
801 1098 978 1161 fenestrae.
1113 1119 1144 1167 ²7
1149 1118 1163 1172 5

114 1226 194 1288 ergo
211 1216 307 1287 optes
325 1214 507 1287 votumque
524 1205 612 1268 feras
632 1205 820 1268 miserabile
837 1214 960 1280 tecum,
1016 1284 1020 1291 Ι

114 1325 151 1378 ut
169 1315 235 1377 sint
253 1323 432 1376 contentae
450 1314 579 1394 patulas
597 1314 782 1377 detundere
799 1314 922 1396 pelves.

114 1423 226 1487 ebrius
243 1443 281 1486 ac
299 1422 454 1504 petulans
471 1422 527 1504 qui
545 1423 671 1485 nullum
691 1423 779 1485 forte
795 1422 917 1486 cecidit

115 1533 172 1594 dat
188 1551 322 1613 poenas,
342 1540 474 1594 noctem
495 1531 618 1613 patitur
635 1531 782 1612 lugentis
800 1531 943 1594 amicum
1025 1530 1028 1537 ’

117 1640 259 1714 Pelidae,
277 1640 377 1703 cubat
394 1640 428 1701 in
445 1639 576 1713 faciem,
595 1659 672 1702 mox
689 1640 809 1702 deinde
827 1641 985 1722 supinus;
1114 1648 1163 1698 280

116 1769 197 1831 ergo
213 1746 284 1811 non'
296 1748 392 1810 aliter
407 1747 530 1829 poterit
548 1748 711 1823 dormire;
732 1748 931 1830 quibusdam

117 1878 271 1922 somnum
289 1857 358 1919 rixa
373 1857 464 1919 iacit.
514 1857 572 1918 sed
589 1856 740 1938 quamvis
759 1856 928 1937 improbus
946 1857 1043 1920 aunis

116 1976 217 2049 atque
234 1986 325 2028 mero
341 1965 484 2040 fervens,
504 1974 597 2027 cavet
616 1966 704 2028 hunc
722 1984 819 2047 quem
837 1964 973 2028 coccina
989 1965 1086 2029 laena

117 2075 215 2138 vitari
231 2075 323 2137 iubet
340 2083 373 2136 et
392 2073 551 2136 comitum
569 2072 785 2155 longissimus
803 2074 892 2148 orde,

118 2184 260 2247 multum
278 2192 450 2264 praeterea
467 2182 672 2244 flammarum
690 2190 723 2244 et
741 2201 844 2244 aenea
861 2181 995 2263 lampas.
1115 2188 1162 2255 285
1206 2210 1210 2221 ·

118 2313 180 2367 me,
200 2312 297 2374 quem
315 2291 394 2353 luna
411 2290 495 2354 solet
512 2291 677 2353 deducere
693 2290 746 2352 vel
763 2289 864 2353 breve
880 2288 993 2352 lumen

118 2399 275 2463 candelae
293 2399 386 2462 cuius
402 2399 561 2481 dispenso
579 2407 612 2460 et
629 2407 781 2481 tempero
798 2397 900 2472 filum,

118 2507 312 2572 contemnit.
361 2507 502 2570 miserae
519 2526 685 2589 cognosce
702 2506 872 2587 prooemia
888 2506 987 2580 rixae,

118 2618 145 2679 si
163 2617 233 2680 rixa
248 2625 301 2680 est
318 2615 375 2678 ubi
392 2624 429 2678 tu
447 2615 568 2697 pulsas
588 2636 651 2697 ego
667 2614 787 2697 vapulo
805 2624 945 2677 tantum.
964 2688 968 2694 ι

118 2734 184 2788 stat
202 2734 319 2789 contra
335 2723 481 2806 starique
497 2724 598 2786 iubet.
645 2743 761 2806 parere
778 2743 918 2787 necesse
935 2731 987 2785 est
1001 2743 1009 2798 ;
1115 2744 1165 2794 290

118 2854 193 2896 nam
211 2833 290 2915 quid
307 2853 396 2914 agas,
416 2852 491 2895 cum
509 2841 544 2895 te
560 2831 707 2894 furiosus
724 2840 822 2914 cogat
840 2841 873 2893 et
890 2831 978 2893 idem

117 2942 259 3025 tortior?
287 2941 393 3004 ‘unde
409 2940 504 3003 venis
517 2939 547 3002 ?’
567 2939 730 3004 exclamat
750 2939 861 3003 ‘cuius
878 2947 984 3013 acet0,

118 3050 212 3114 cuius
230 3050 358 3113 conche
373 3049 508 3112 tumes?
533 3048 608 3132 quis
625 3057 737 3112 tecum
755 3047 871 3112 sectile
888 3066 1023 3129 porrum
1063 3065 1066 3070 ·

118 3168 212 3222 sutor
228 3167 262 3221 et
280 3157 357 3221 elixi
374 3157 523 3221 vervecis
541 3157 634 3221 labra
650 3156 819 3220 comedit?
879 3165 884 3172 '

118 3268 163 3331 nil
181 3267 261 3330 mihi
278 3268 483 3350 respondes?
509 3275 566 3329 aut
584 3266 636 3330 dic
653 3275 709 3328 aut
726 3264 839 3347 accipe
857 3264 992 3328 calcem.
1115 3285 1164 3336 ²95

118 3378 178 3440 ede
197 3377 253 3440 ubi
270 3375 443 3463 consistas,
462 3375 577 3458 inqua
594 3384 628 3438 te
645 3393 767 3458 quaero
784 3372 969 3456 proseucha
981 3371 1011 3433 i’

118 3487 229 3549 dicere
246 3485 273 3547 si
290 3493 436 3566 temptes
452 3483 576 3566 aliquid
592 3483 757 3546 tacitusve
774 3482 917 3556 recedas

118 3594 326 3657 tantumdem
345 3601 416 3657 est:
440 3592 565 3654 feriunt
583 3591 715 3674 pariter,
734 3589 922 3653 vadimonia
939 3588 1059 3651 deinde
