2422 4006
130 293 163 344 56
560 294 764 344 IVVENALIS

131 482 216 544 quae
233 461 331 525 nudis
348 462 486 544 longum
504 462 653 525 ostendit
670 461 854 526 cervicibus
871 484 998 537 aurum,
1119 468 1155 532 625

131 569 275 634 consulit
292 579 371 632 ante
386 569 471 633 falas
488 569 790 653 delphinorumque
807 571 979 635 columnas
1102 569 1156 642 (590l

131 700 173 742 an
192 699 272 761 saga
287 678 449 741 vendenti
466 679 572 742 nubat
591 698 742 760 caupone
759 678 886 743 relicto

179 787 255 849 Hae
271 795 384 850 tamen
402 796 435 849 et
453 796 568 868 partus
586 787 733 851 subeunt
750 787 930 852 discrimen
947 797 981 852 et
998 788 1104 852 omnis

132 895 272 958 nutricis
289 895 434 958 tolerant
451 894 588 958 fortuna
604 905 747 978 urgente
762 895 904 972 labores,

132 1004 191 1067 sed
209 1003 295 1066 iacet
311 1013 428 1066 aurato
445 1004 499 1066 vix
516 1003 584 1067 ulla
600 1024 762 1086 puerpera
777 1004 875 1068 lecto.
982 1052 987 1063 ,
1126 1011 1164 1074 656

133 1121 265 1175 tantum
283 1121 373 1174 artes
391 1112 500 1187 huius,
519 1121 651 1174 tantum
668 1112 888 1176 medicamina
904 1123 1056 1195 possunt,
1106 1116 1163 1184 (595)

132 1240 216 1302 quae
233 1220 366 1283 steriles
384 1220 465 1283 iacit
483 1229 583 1302 atque
600 1221 754 1284 homines
771 1221 805 1283 in
822 1229 940 1285 ventre
957 1221 1121 1285 necandos

132 1328 298 1392 conducit.
347 1329 465 1411 gaude,
485 1328 611 1404 infelix,
630 1338 732 1411 atque
749 1328 820 1410 ipse
836 1329 1020 1393 bibendum

132 1437 263 1519 porrige
281 1436 442 1518 quidquid
459 1436 542 1512 erit;
567 1458 645 1500 nam
663 1437 692 1500 si
708 1437 901 1501 distendere
918 1438 1019 1501 vellet

132 1554 166 1608 et
182 1565 303 1608 vexare
320 1554 452 1608 uterum
470 1545 582 1626 pueris
599 1545 804 1621 salientibus,
824 1566 916 1609 esses
1126 1552 1164 1617 ⁶3⁵

132 1653 312 1735 Aethiopis
328 1653 473 1717 fortasse
490 1663 593 1735 pater,
613 1674 689 1717 mox
706 1654 840 1718 decolor
856 1655 953 1718 heres
1104 1651 1162 1725 (600)

132 1762 286 1844 impleret
303 1761 436 1825 tabulas
452 1783 633 1844 numquam
651 1762 712 1825 tibi
730 1783 827 1826 mane
843 1763 1015 1828 videndus.

178 1871 328 1934 Transeo
348 1868 540 1952 suppositos
558 1880 592 1933 et
609 1871 728 1952 gaudia
744 1882 887 1954 votaque
904 1892 1006 1954 saepe

132 1979 174 2041 ad
192 2000 329 2061 spurcos
347 1981 488 2060 decepta
505 1979 597 2042 lacus
614 1989 715 2061 atque
732 1979 810 2043 inde
827 1980 951 2061 petitos

133 2087 318 2167 pontifices,
338 2086 447 2150 Salios
466 2086 667 2150 Scaurorum
685 2088 820 2151 nomina
836 2087 921 2151 falso
1124 2092 1162 2152 640

134 2216 272 2277 corpore
288 2196 423 2259 laturos,
475 2205 542 2258 stat
562 2197 713 2259 Fortuna
730 2195 870 2278 inproba
885 2205 988 2260 noctu
1105 2197 1160 2266 (605)

84 2285 86 2290 ³
133 2305 288 2368 adridens
307 2304 406 2367 nudis
425 2304 619 2379 infantibus,
639 2304 700 2367 hos
717 2304 810 2367 fovet
827 2305 919 2368 omni

133 2413 339 2494 involvitque
356 2412 440 2487 sinu,
459 2412 614 2475 domibus
631 2421 713 2476 tunc
730 2413 868 2495 porrigit
885 2413 962 2476 altis

133 2531 367 2603 secretumque
384 2521 447 2584 sibi
464 2520 602 2583 mimum
621 2531 735 2602 parat;
760 2521 821 2584 hos
837 2530 937 2596 amat,
955 2521 1008 2584 his
1025 2542 1062 2585 se
1134 2516 1140 2533 '

133 2629 255 2712 ingerit
274 2633 378 2710 utque
396 2650 474 2692 suos
492 2649 625 2710 semper
642 2629 795 2710 producit
813 2629 974 2693 alumnos
1125 2634 1163 2696 645

179 2737 247 2809 Hic
264 2736 413 2821 magicos
432 2737 540 2800 adfert
559 2746 687 2812 cantus,
702 2737 757 2800 hic
774 2737 938 2801 Thessala
952 2737 1069 2801 vendit
1107 2730 1163 2809 (610)

132 2845 265 2926 philtra,
284 2845 405 2928 quibus
421 2845 530 2908 valeat
547 2854 696 2908 mentem
714 2865 834 2909 vexare
850 2846 962 2909 mariti

132 2963 165 3016 et
184 2954 273 3016 solea
290 2952 423 3034 pulsare
440 2954 538 3018 natis.
588 2955 675 3036 quod
693 2954 828 3036 desipis,
847 2954 925 3017 inde
940 2964 1002 3030 est,

132 3063 209 3125 inde
226 3063 327 3125 animi
344 3062 451 3144 caligo
469 3072 501 3125 et
519 3082 640 3144 magna
657 3062 780 3126 oblivio
797 3083 906 3126 rerum

132 3191 213 3252 quas
231 3171 330 3233 modo
348 3170 493 3253 gessisti.
543 3180 656 3234 tamen
673 3172 737 3234 hoc
754 3171 935 3246 tolerabile,
955 3172 983 3235 si
1000 3193 1068 3236 non
1127 3176 1166 3241 ⁶50

132 3289 164 3341 et
182 3279 294 3342 furere
311 3279 451 3361 incipias
469 3288 506 3342 ut
523 3279 707 3343 avunculus
726 3279 781 3342 ille
799 3280 955 3355 Neronis,
1105 3281 1165 3351 (615)

131 3388 184 3450 cui
200 3396 307 3450 totam
324 3386 459 3450 tremuli
475 3387 621 3451 frontem
640 3387 803 3450 Caesonia
820 3388 900 3469 pulli

130 3495 273 3571 inludit3
299 3499 384 3577 quae
401 3516 469 3558 non
486 3496 588 3560 faciet
605 3497 694 3578 quod
710 3495 871 3578 principis
889 3497 995 3559 uxor?
1009 3520 1014 3527 ·

130 3603 290 3666 ardebant
309 3611 429 3667 cuncta
446 3612 481 3666 et
497 3603 604 3668 fracta
620 3624 771 3686 conpage
787 3604 938 3679 ruebant,
