2422 4006
877 233 888 263 l

470 274 616 322 SATVRA
642 275 696 324 XII
1058 278 1105 327 103

52 451 91 505 et
112 463 295 524 numquam
311 442 392 506 visis
410 442 549 525 triginta
566 442 654 506 clara
670 443 835 507 mamillis.

52 551 196 614 tandem
214 551 316 614 intrat
333 551 460 632 positas
478 550 607 614 inclusa
622 571 682 632 per
698 572 843 633 aequora
859 552 964 616 moles
1074 575 1106 626 75

54 659 337 744 Tyrrhenamque
355 660 481 741 pharon
498 668 717 741 porrectaque
734 660 890 724 bracchia
906 682 1036 724 rursum

57 788 147 850 quae
163 768 281 849 pelago
298 777 477 832 occurrunt
495 767 604 830 medio
621 767 788 851 longeque
805 769 999 851 relinquunt

60 876 215 953 Italiam;
240 897 306 939 non
323 877 372 939 sic
389 876 491 959 igitur
507 876 671 940 mirabere
688 887 804 958 portus

60 1005 146 1067 quos
164 996 282 1048 natura
299 984 402 1047 dedit.
451 986 510 1048 sed
527 994 646 1048 trunca
663 1006 774 1068 puppe
791 987 951 1068 magister

61 1093 221 1155 interiora
237 1094 322 1175 petit
340 1093 483 1156 Baianae
499 1094 612 1175 pervia
628 1095 768 1157 cumbae
1075 1102 1108 1152 80

61 1201 129 1263 tuti
147 1188 266 1283 stagna
283 1201 386 1264 sinus.
436 1202 584 1283 gaudent
601 1201 647 1265 ibi
662 1202 788 1266 vertice
804 1223 878 1265 raso

62 1309 195 1391 garrula
212 1309 320 1372 securi
337 1330 471 1372 narrare
488 1310 636 1391 pericula
655 1320 785 1375 nautae.

112 1417 164 1480 Ite
180 1417 290 1499 igitur,
309 1418 413 1499 pueri,
433 1418 558 1500 linguis
575 1418 762 1501 animisque
777 1419 941 1495 faventes,

63 1536 220 1607 sertaque
236 1526 383 1589 delubris
401 1536 434 1589 et
451 1526 540 1588 farra
557 1527 719 1608 imponite
737 1526 852 1590 cultris

63 1655 102 1698 ac
120 1635 229 1698 mollis
247 1644 363 1698 ornate
379 1635 473 1698 focos
491 1635 711 1716 glaebamque
728 1636 900 1700 virentem.
1076 1643 1108 1709 85

63 1744 128 1806 iarn
147 1740 266 1824 sequar
283 1752 316 1805 et
334 1763 438 1818 sacru,
456 1743 545 1825 quod
562 1753 720 1824 praestat,
740 1743 803 1806 rite
819 1755 955 1826 peracto

65 1852 143 1914 inde
160 1852 295 1914 domum
313 1861 471 1933 repetam,
490 1851 631 1934 graciles
648 1853 705 1914 ubi
723 1872 823 1934 parva
840 1873 979 1916 coronas

64 1960 234 2042 accipiunt
250 1959 361 2042 fragili
379 1960 555 2022 simulacra
570 1960 715 2022 nitentia
731 1981 815 2024 cera.

65 2069 119 2132 hic
137 2077 288 2130 nostrum
306 2067 444 2150 placabo
463 2069 576 2130 Iovem
595 2068 803 2150 Laribusque
824 2070 971 2150 paternis

66 2188 141 2239 tura
156 2176 242 2239 dabo
258 2185 360 2258 atque
377 2176 485 2239 omnis
503 2176 610 2239 violae
628 2177 758 2240 iactabo
776 2178 912 2240 colores.
1077 2199 1109 2248 90

66 2276 187 2348 cuncta
204 2284 323 2358 nitent,
341 2284 461 2366 longos
479 2285 584 2347 erexit
601 2285 699 2347 ianua
716 2305 824 2347 ramos

66 2402 99 2455 et
117 2392 291 2455 matutinis
309 2402 466 2474 operatur
481 2392 571 2456 festa
587 2392 743 2456 lucernis.

66 2521 128 2564 nec
146 2510 304 2582 suspecta
320 2501 382 2563 tibi
400 2500 467 2563 sint
485 2502 576 2575 haec,
597 2500 748 2564 Corvine.
800 2501 962 2577 Catullus

66 2629 125 2692 pro
143 2609 237 2673 cuius
255 2609 364 2672 reditu
381 2619 432 2672 tot
450 2630 537 2691 pono
554 2609 680 2684 altaria,
698 2630 818 2691 parvos

64 2728 135 2781 tres
153 2718 254 2781 habet
272 2718 422 2781 heredes.
472 2718 555 2781 libet
572 2728 767 2800 exspectare
784 2719 857 2800 quis
875 2739 1008 2800 aegram
1078 2738 1110 2789 95

66 2835 100 2890 et
117 2826 328 2890 claudentem
345 2827 459 2890 oculos
476 2827 634 2909 gallinam
652 2828 812 2908 inpendat
829 2827 934 2890 amico

65 2945 133 2997 tam
152 2934 278 3010 sterili;
301 2955 416 2998 verum
434 2936 516 2999 haec
533 2936 636 2997 nimia
653 2946 704 2998 est
722 2936 870 3017 inpensa,
890 2935 1043 2998 coturnix

65 3042 157 3105 nulla
174 3064 329 3126 umquam
347 3064 406 3126 pro
424 3054 519 3126 patre
536 3045 642 3107 cadet.
693 3044 818 3107 sentire
836 3043 979 3106 calorem

66 3151 96 3214 si
113 3150 224 3233 coepit
242 3151 390 3234 locuples
409 3152 549 3216 Gallitta
566 3162 599 3214 et
618 3152 736 3215 Pacius
753 3152 835 3225 orbi,

67 3259 219 3341 legitime
236 3260 308 3323 fixis
326 3261 469 3324 vestitur
486 3270 557 3323 tota
574 3259 696 3323 libellis
1066 3279 1112 3313 100

67 3368 227 3449 porticus,
247 3369 412 3431 exsistunt
429 3369 486 3451 qui
503 3369 700 3450 promittant
718 3369 949 3441 hecatomben,

67 3485 234 3557 quatenus
251 3476 303 3539 hic
321 3497 388 3539 non
405 3487 485 3540 sunt
503 3497 564 3540 nec
581 3477 716 3538 venales
733 3475 911 3557 elephanti,

67 3604 130 3647 nec
149 3584 248 3646 Latio
265 3594 323 3646 aut
340 3606 478 3666 usquam
498 3586 560 3647 sub
578 3593 694 3646 nostro
712 3584 821 3645 sidere
838 3583 914 3645 talis
