2422 4006
81 255 129 305 UO
500 255 702 304 IVVENALm
731 283 734 288 ·

81 425 138 487 sed
156 423 218 487 iam
237 431 428 504 serpentum
445 422 547 486 maior
565 422 753 499 concordia;
777 424 880 504 parcit

81 532 229 614 cognatis
247 530 381 594 maculis
399 530 513 593 similis
530 531 607 594 fera.
658 532 789 612 quando
806 532 893 596 leoni
1074 549 1112 598 160

80 640 195 703 fortior
212 638 329 720 eripuit
346 638 448 702 vitam
465 639 540 702 leo?
589 660 654 721 quo
670 660 804 704 nemore
821 663 977 724 umquam

81 747 255 829 exspiravit
272 767 350 828 aper
366 746 496 810 maioris
513 747 668 810 dentibus
685 748 777 829 apri?

82 856 195 919 Indica
211 855 305 938 tigris
321 854 389 938 agit
407 855 519 919 rabida
537 877 610 919 cum
629 855 749 938 tigride
766 879 880 938 pacem

81 975 281 1048 perpetuam,
302 964 407 1027 saevis
425 964 511 1028 inter
528 985 564 1027 se
582 965 736 1028 convenit
754 966 848 1029 ursis.

80 1083 131 1137 ast
148 1072 273 1136 homini
288 1074 412 1135 ferrum
428 1072 525 1136 letale
542 1072 660 1136 incude
676 1073 818 1137 nefanda
1076 1091 1116 1155 165

20 1196 24 1202 ’
81 1181 273 1264 produxisse
290 1202 405 1263 parum
422 1190 483 1256 est,
503 1202 577 1243 cum
594 1192 699 1244 rastra
716 1192 748 1244 et
767 1183 892 1246 sarcula
908 1194 1039 1247 tantum

80 1290 208 1354 adsueti
226 1310 366 1371 coquere
383 1300 415 1352 et
434 1289 548 1352 marris
565 1311 604 1352 ac
620 1310 752 1353 vomere
770 1290 848 1353 lassi

81 1398 256 1463 nescierint
275 1397 371 1479 primi
387 1397 512 1480 gladios
529 1399 706 1461 extendere
722 1398 814 1461 fabri.

80 1507 256 1590 aspicimus
272 1507 411 1588 populos
428 1528 565 1588 quorum
583 1527 649 1569 non
667 1506 786 1569 sufficit
805 1506 870 1570 irae

81 1616 240 1679 occidisse
256 1615 405 1698 aliquem,
425 1616 483 1678 sed
500 1626 633 1697 pectora
650 1614 801 1678 bracchia
817 1616 945 1679 vultum
1080 1648 1122 1694 170

82 1724 277 1788 crediderint
294 1744 400 1806 genus
417 1743 491 1787 esse
509 1722 579 1786 cibi.
629 1723 706 1806 quid
723 1723 845 1786 diceret
863 1745 952 1806 erg0,

82 1833 133 1896 vel
150 1840 215 1915 quo
232 1854 298 1895 non
316 1834 454 1915 fugeret,
474 1831 502 1894 si
518 1853 606 1894 nunc
623 1833 704 1895 haec
721 1843 868 1896 monstra
884 1833 1010 1896 videret

84 1942 296 2025 Pythagoras¹
315 1940 442 2003 cunctis
459 1939 653 2003 animalibus
670 1939 828 2003 abstinuit
847 1940 904 2022 qui

81 2060 248 2130 tamquam
266 2047 397 2111 homine
414 2058 446 2110 et
464 2047 572 2111 ventri
589 2047 722 2111 indulsit
747 2069 814 2112 non
831 2070 928 2112 omne
945 2051 1122 2132 legumen?

4 2070 243 2271 Rs-

473 2319 634 2373 SATVRA
661 2321 730 2372 XVI

83 2481 165 2564 Quis
182 2500 353 2544 numerare
370 2490 467 2561 queat
484 2478 589 2541 felicis
605 2479 758 2559 praemia,
778 2481 871 2556 Galli,

81 2589 236 2653 militiae?
283 2609 359 2650 nam
377 2587 404 2649 si
421 2588 603 2650 subeuntur
620 2609 775 2668 prospera
792 2599 908 2665 castra,
933 2613 936 2618 ·

81 2720 134 2761 me
151 2696 303 2779 pavidum
323 2695 460 2776 excipiat
478 2695 618 2757 tironem
636 2706 731 2776 porta
748 2697 893 2759 secundo

81 2806 194 2869 sidere.
246 2805 319 2886 plus
336 2803 457 2866 etenim
475 2803 535 2866 fati
551 2803 636 2866 valet
654 2804 734 2866 hora
751 2804 885 2887 benigni

81 2935 177 2996 quam
196 2912 223 2975 si
240 2933 299 2974 nos
316 2911 456 2974 Veneris
474 2912 680 2975 commendet
699 2912 839 2994 epistula
856 2914 956 2977 Marti
1111 2944 1123 2996 5

81 3034 112 3087 et
133 3021 242 3087 Samia
257 3020 408 3103 genetrix
424 3042 507 3102 quae
523 3022 705 3084 delectatur
721 3023 849 3085 harena.

128 3133 307 3197 Commoda
324 3141 504 3194 tractemus
521 3131 663 3212 primum
681 3129 873 3204 communia,
893 3151 1031 3212 quorum

80 3245 167 3307 haud
185 3242 355 3305 minimum
375 3241 451 3304 illud
470 3241 538 3315 erit,
558 3262 600 3304 ne
616 3251 651 3303 te
668 3241 797 3322 pulsare
813 3250 947 3324 togatus

80 3353 208 3426 audeat,
229 3351 329 3414 immo
346 3350 409 3413 etsi
426 3350 582 3432 pulsetur,
602 3349 785 3413 dissimulet
803 3369 865 3412 nec

79 3461 196 3522 audeat
215 3479 371 3522 excussos
388 3458 530 3539 praetori
548 3461 723 3522 ostendere
740 3460 857 3522 dentes

80 3580 112 3631 et
131 3567 256 3648 nigram
274 3566 306 3629 in
323 3565 407 3629 facie
424 3566 558 3629 tumidis
575 3566 730 3630 livoribus
749 3568 850 3629 offam
