2422 4006
508 286 654 335 SATVRA
680 288 692 334 Ι

77 457 173 520 exsul
190 457 231 519 ab
249 463 366 519 octava
383 454 510 517 Marius
529 453 613 517 bibit
631 463 665 516 et
681 454 803 517 fruitur
819 454 870 518 dis

78 564 182 640 iratis,
201 572 235 627 at
253 573 290 627 tu
306 563 426 627 victrix
443 562 613 645 provincia
629 563 748 644 ploras¹

78 673 162 736 haec
180 692 243 754 ego
260 692 327 734 non
344 672 477 735 credam
495 671 670 734 Venusina
687 672 787 754 digna
804 671 963 735 lucerna?

78 783 162 845 haec
180 801 242 863 ego
259 800 327 843 non
344 779 492 862 agitem?
526 780 585 842 sed
602 779 681 862 quid
699 780 829 862 magis?
864 781 1045 844 Heracleas

78 900 137 953 aut
156 889 359 952 Diomedeas
376 899 433 952 aut
452 888 617 971 mugitum
635 888 817 973 labyrinthi

78 1007 114 1061 et
128 1017 217 1061 mare
235 1017 430 1079 percussum
448 1016 552 1078 puero
568 995 767 1079 fabrumque
784 997 962 1072 volantem,

79 1128 157 1170 cum
174 1107 250 1169 leno
266 1106 408 1187 accipiat
427 1105 557 1168 moechi
575 1105 672 1180 bona,
692 1106 720 1167 si
738 1105 890 1186 capiendi

80 1215 131 1278 ius
150 1215 277 1279 nullum
294 1215 399 1289 uxori,
418 1215 535 1277 doctus
554 1222 707 1296 spectare
724 1214 868 1288 lacunar,
917 1249 919 1253 ·

79 1324 200 1388 doctus
219 1332 251 1386 et
268 1324 309 1386 ad
327 1322 463 1386 calicem
481 1322 635 1405 vigilanti
652 1331 796 1385 stertere
813 1322 918 1386 naso?

80 1453 156 1495 cum
172 1431 225 1494 fas
242 1451 317 1494 esse
334 1440 429 1512 putet
448 1450 560 1493 curam
579 1450 711 1512 sperare
729 1431 875 1493 cohortis

79 1539 137 1622 qui
153 1540 241 1603 bona
257 1539 392 1602 donavit
410 1539 625 1620 praesepibus
643 1548 677 1601 et
694 1549 785 1602 caret
802 1539 894 1602 omni

80 1648 243 1711 maiorum
261 1667 373 1723 censu,
393 1648 472 1710 dum
490 1647 638 1728 pervolat
656 1667 716 1710 axe
734 1647 836 1711 citato

82 1755 280 1819 Flaminiam
299 1776 382 1837 puer
399 1755 641 1818 Automedon?
675 1776 751 1818 nam
770 1756 839 1819 lora
856 1757 992 1818 tenebat

81 1865 163 1946 ipse,
181 1865 370 1928 lacernatae
387 1884 462 1927 cum
480 1884 516 1927 se
534 1865 672 1928 iactaret
690 1864 825 1927 amicae.

81 1993 193 2035 nonne
209 1973 291 2037 libet
308 1972 418 2036 medio
436 1993 528 2035 ceras
547 1972 673 2054 inplere
690 1993 828 2054 capaces

80 2081 261 2163 quadrivio,
276 2102 351 2145 cum
369 2081 434 2144 iam
452 2090 546 2144 sexta
563 2081 692 2144 cervice
708 2080 835 2144 feratur

80 2189 158 2253 hinc
175 2198 277 2272 atque
294 2189 372 2252 inde
388 2198 507 2271 patens
524 2210 562 2252 ac
580 2191 670 2252 nuda
686 2209 791 2270 paene
809 2190 967 2252 cathedra

80 2307 115 2359 et
132 2297 274 2360 multum
292 2297 441 2360 referens
459 2298 500 2360 de
519 2298 716 2361 Maecenate
735 2297 854 2379 supino

81 2405 231 2488 signator
247 2405 333 2481 falsi,
352 2405 408 2488 qui
425 2426 462 2468 se
479 2405 606 2469 lautum
624 2415 724 2488 atque
741 2407 876 2468 beatum

81 2514 209 2596 exiguis
225 2512 348 2577 tabulis
366 2523 399 2576 et
418 2534 550 2596 gemma
565 2514 683 2577 fecerit
701 2515 788 2576 uda?

80 2621 225 2685 occurrit
243 2631 395 2685 matrona
411 2631 541 2703 potens,
560 2643 644 2704 quae
661 2622 760 2684 molle
779 2621 941 2684 Calenum

79 2739 275 2811 porrectura
290 2730 361 2792 viro
379 2731 496 2794 miscet
515 2730 652 2793 sitiente
669 2731 820 2793 rubetam

79 2837 295 2920 instituitque
312 2839 411 2902 rudes
429 2838 545 2901 melior
564 2839 713 2902 Lucusta
729 2838 931 2920 propinquas

80 2967 140 3028 per
156 2946 278 3009 famam
297 2956 329 3009 et
348 2947 506 3029 populum
524 2947 638 3029 nigros
656 2948 777 3010 efferre
794 2947 939 3010 maritos.

60 3036 165 3118 ‘aude
182 3055 303 3137 aliquid
320 3055 477 3119 brevibus
496 3055 615 3139 Gyaris
633 3066 666 3119 et
685 3076 817 3119 carcere
835 3056 982 3137 dignum,

79 3163 109 3226 si
125 3164 176 3227 vis
193 3183 268 3227 esse
283 3164 417 3246 aliquid.
468 3164 616 3246 probitas
635 3164 788 3226 laudatur
804 3173 838 3226 et
855 3163 954 3245 alget.

79 3271 275 3335 criminibus
292 3273 415 3336 debent
433 3273 548 3335 hortos
566 3272 732 3353 praetoria
748 3291 882 3335 mensas

79 3390 256 3462 argentum
273 3390 371 3444 vetus
388 3389 421 3443 et
441 3390 587 3443 stantem
605 3390 698 3443 extra
714 3370 833 3462 pocula
851 3400 995 3461 caprum.

80 3509 179 3570 quem
196 3488 324 3570 patitur
340 3489 483 3552 dormire
500 3510 605 3552 nurus
622 3497 796 3570 corruptor
813 3509 939 3561 avarae,

80 3617 179 3678 quem
198 3616 340 3678 sponsae
357 3607 472 3678 turpes
490 3606 523 3659 et
541 3606 770 3679 praetextatus
788 3596 941 3659 adulter?
