2422 4006
87 281 121 332 36
508 278 712 328 IVVENALIS
732 354 735 359 Ι

87 448 241 532 pecteris,
260 457 295 511 et
312 447 418 530 digito
435 447 558 530 pignus
575 447 721 510 tortasse
738 448 871 514 dedisti.

88 567 180 622 certe
197 577 299 620 sanus
318 576 401 620 eras.
451 575 598 630 uxorem,
618 557 787 632 Postume,
806 558 927 621 ducis?

87 666 150 741 dic,
170 685 236 748 qua
252 663 447 746 Tisiphone,
467 663 589 746 quibus
607 665 777 748 exagitare
794 666 963 730 colubris?

85 775 173 838 ferre
190 782 287 856 potes
305 772 474 835 dominam
492 771 592 835 salvis
609 781 660 836 tot
677 773 823 837 restibus
841 773 951 850 ullam,

86 903 162 947 cum
179 891 316 965 pateant
330 881 417 945 altae
434 880 685 964 caligantesque
701 882 880 959 fenestrae,

86 1011 161 1055 cum
179 990 242 1053 tibi
258 990 405 1053 vicinum
425 1009 461 1052 sc
478 990 636 1071 praebeat
654 988 822 1054 Aemilius
838 991 948 1073 pons?

85 1088 142 1162 au't
160 1100 189 1162 si
205 1099 246 1161 de
264 1097 376 1165 multis
394 1097 505 1160 nullus
522 1097 632 1179 placet
649 1098 769 1173 exitus,
788 1098 869 1162 illud
963 1080 967 1085 ’

86 1228 197 1271 nonne
214 1215 312 1289 putas
330 1205 449 1269 melius
466 1206 555 1288 quod
572 1214 683 1269 tecum
701 1206 798 1288 pusio
816 1207 948 1283 dormit,

85 1315 181 1397 pusio
198 1315 255 1397 qui
274 1323 376 1377 noctu
394 1333 461 1376 non
478 1312 599 1396 litigat,
618 1313 722 1396 exigit
739 1335 758 1377 a
774 1323 808 1377 te

86 1424 176 1486 nulla
192 1423 304 1487 iacens
324 1421 390 1484 illic
407 1421 615 1498 munuscula,
635 1442 697 1486 nec
714 1423 865 1505 queritur
881 1426 971 1508 quod
1069 1449 1071 1453 ·

86 1542 119 1594 et
136 1532 231 1595 lateri
248 1551 363 1613 parcas
381 1550 443 1593 nec
461 1539 621 1613 quantum
640 1531 736 1594 iussit
754 1531 916 1595 anheles?

133 1640 199 1703 Sed
218 1639 327 1721 placet
343 1638 479 1701 Vrsidio
497 1637 550 1701 lex
568 1639 661 1714 Iulia,
681 1639 800 1702 tollere
815 1636 947 1704 dulcem

85 1748 211 1831 cogitat
228 1747 396 1821 heredem,
415 1747 579 1809 cariturus
596 1756 726 1810 turture
743 1769 865 1830 magno

85 1857 329 1938 mullorumque
347 1855 434 1918 iubis
451 1864 485 1917 et
503 1864 674 1936 captatore
692 1857 839 1920 macello

85 1966 163 2048 quid
182 1965 253 2028 fieri
269 1984 337 2026 non
355 1983 453 2046 posse
470 1974 578 2045 putes,
599 1964 627 2027 si
645 1965 794 2047 iungitur
811 1964 878 2028 ulla

84 2073 242 2136 Vrsidio?
275 2073 303 2136 si
320 2072 537 2135 moechorum
554 2072 750 2136 notissimus
767 2073 844 2136 olim

85 2183 188 2245 stulta
205 2181 346 2244 maritali
364 2181 428 2244 iam
446 2180 587 2262 porrigit
605 2201 662 2244 ora
679 2182 834 2262 capistro,

84 2311 182 2374 quem
200 2290 327 2353 totiens
343 2288 427 2352 texit
445 2289 584 2371 perituri
601 2289 686 2352 cista
701 2289 839 2352 Latini?

83 2399 161 2483 quid
179 2399 268 2481 quod
285 2408 318 2460 et
335 2397 481 2479 antiquis
499 2417 581 2460 uxor
598 2398 639 2459 de
656 2397 804 2460 moribus
822 2397 870 2460 illi

83 2507 277 2592 quaeritur?
311 2526 329 2568 o
347 2505 476 2580 medici,
496 2505 633 2568 nimiam
650 2506 844 2587 pertundite
860 2527 989 2572 venam.

82 2617 218 2680 delicias
236 2614 379 2678 hominis
398 2616 403 2677 !
452 2614 634 2695 Tarpeium
650 2614 753 2676 limen
771 2615 871 2678 adora

83 2746 207 2808 pronus
225 2733 259 2787 et
276 2733 425 2786 auratam
445 2722 567 2785 Iunoni
584 2723 685 2785 caede
703 2723 886 2798 iuvencam,

82 2834 111 2896 si
128 2833 190 2896 tibi
207 2830 387 2914 contigerit
405 2831 522 2912 capitis
540 2840 692 2893 matrona
708 2831 828 2913 pudici.

82 2961 207 3024 paucae
224 2941 306 3004 adeo
325 2940 457 3002 Cereris
473 2939 576 3002 vittas
594 2940 792 3021 contingere
809 2940 939 3022 dignae,

82 3071 221 3133 quarum
239 3070 305 3111 non
323 3048 439 3111 timeat
456 3057 553 3129 pater
569 3048 691 3111 oscula.
741 3057 839 3112 necte
857 3069 1012 3114 coronam

82 3159 237 3241 postibus
255 3167 286 3219 et
304 3158 427 3220 densos
444 3177 503 3238 per
520 3156 634 3218 limina
651 3157 753 3219 tende
771 3158 967 3241 corymbos:

83 3288 169 3331 unus
189 3266 373 3329 Hiberinae
390 3265 440 3326 vir
458 3265 604 3328 sufficit?
638 3266 729 3328 ocius
747 3265 827 3328 illud

82 3374 304 3458 extorquebis,
324 3382 360 3436 ut
378 3373 460 3436 haec
477 3374 573 3436 oculo
590 3382 751 3436 contenta
768 3373 810 3436 sit
830 3394 905 3437 uno.

81 3505 204 3567 magna
220 3492 333 3546 tamen
349 3481 439 3544 fama
456 3490 507 3544 est
525 3480 696 3545 cuiusdam
714 3501 790 3544 rure
807 3491 946 3563 patemo
1095 3506 1125 3561 55

80 3592 233 3656 viventis.
282 3590 371 3653 vivat
389 3589 505 3653 Gabiis
522 3598 559 3653 ut
576 3589 656 3652 vixit
675 3589 708 3652 in
726 3609 816 3672 agr0,
