2422 4006
119 270 150 322 72
541 274 744 322 IVVENALIS

118 461 210 503 more
229 442 360 503 Numae
377 442 494 516 caedit,
515 441 604 505 Iovis
621 452 700 504 ante
717 441 833 505 altaria
849 443 935 506 iurat

118 550 221 612 solam
241 550 391 630 Eponam
410 560 444 612 et
461 549 565 612 facies
583 550 669 613 olida
685 551 726 613 ad
742 551 917 633 praesepia
933 553 1048 633 pictas.

117 659 176 721 sed
194 679 269 721 cum
287 658 464 740 pervigiles
481 656 590 739 placet
608 657 794 721 instaurare
810 659 959 740 popinas,

117 767 233 829 obvius
251 766 388 829 adsiduo
407 766 639 850 Syrophoenix
655 775 777 829 unctus
794 787 925 831 amomo

117 875 227 949 currit,
249 875 427 937 Idumaeae
445 874 677 958 Syrophoenix
695 874 802 937 incola
818 886 944 956 portae,
1114 884 1153 932 160

116 983 259 1064 hospitis
276 983 410 1046 adfectu
427 983 599 1045 dominum
617 1002 797 1064 regemque
815 982 948 1059 salutat,

116 1100 149 1153 et
167 1112 240 1155 cum
259 1092 369 1153 venali
388 1091 502 1174 Cyane
520 1091 691 1154 succincta
708 1091 836 1172 lagona.

69 1202 72 1206 '
115 1200 274 1262 defensor
291 1199 408 1280 culpae
424 1199 513 1262 dicet
531 1199 613 1262 mihi
632 1199 792 1262 ‘fecimus
811 1211 844 1262 et
862 1222 924 1264 nos

115 1309 198 1371 haec
216 1305 375 1370 iuvenes’
425 1317 497 1369 esto
516 1329 522 1370 z
547 1307 665 1370 desisti
682 1327 803 1388 nempe
820 1327 882 1371 nec
899 1309 987 1371 ultra

114 1415 230 1478 fovisti
248 1435 403 1478 errorem.
453 1416 554 1478 breve
571 1416 614 1477 sit
631 1417 719 1498 quod
737 1415 880 1497 turpiter
897 1418 1019 1493 audes;
1114 1424 1153 1489 165

114 1525 275 1605 quaedam
294 1544 367 1585 cum
387 1524 491 1604 prima
508 1533 702 1586 resecentur
719 1523 858 1586 crimina
872 1524 986 1588 barba.

114 1632 250 1714 indulge
267 1631 398 1694 veniam
416 1632 548 1712 pueris:
576 1633 763 1695 Lateranus
780 1633 821 1694 ad
838 1631 912 1695 illos

113 1741 318 1802 thermarum
336 1740 456 1803 calices
474 1739 701 1822 inscriptaque
718 1740 821 1803 lintea
837 1742 926 1803 vadit

113 1857 263 1911 maturus
281 1848 377 1921 bell0‚
397 1847 579 1910 Armeniae
598 1848 782 1931 Syriaeque
798 1849 933 1912 tuendis

113 1956 267 2019 amnibus
279 1964 311 2018 et
325 1957 446 2018 Rheno
457 1966 557 2037 atque
571 1956 701 2018 Histro.
743 1965 912 2037 praestare
928 1958 1098 2021 Neronem
1113 1978 1154 2026 170

113 2085 266 2128 securum
284 2064 372 2126 valet
390 2064 471 2126 haec
488 2075 589 2126 aetas
641 2064 739 2126 mitte
757 2064 864 2138 Ostia,
885 2064 1019 2140 Caesar,
1116 2067 1121 2073 ’

112 2173 219 2247 mitte,
240 2173 298 2234 sed
317 2172 349 2233 in
367 2192 488 2253 magna
504 2172 651 2254 legatum
669 2193 790 2254 quaere
807 2172 949 2254 popina;

113 2280 263 2343 invenies
280 2279 389 2361 aliquo
408 2301 482 2342 cum
500 2299 698 2360 percussore
716 2280 889 2355 iacentem,

111 2389 311 2470 permixtum
331 2388 441 2450 nautis
459 2396 491 2449 et
508 2387 639 2450 furibus
656 2409 694 2450 ac
710 2388 870 2470 fugitivis5

111 2497 200 2560 inter
217 2497 390 2560 carnifices
409 2505 441 2558 et
459 2496 571 2558 fabros
589 2496 833 2576 sandapilarum

112 2616 144 2667 et
164 2604 347 2686 resupinati
365 2604 532 2665 cessantia
549 2612 709 2687 tympana
724 2603 812 2685 galli.

111 2734 217 2795 aequa
234 2712 279 2774 ibi
296 2712 442 2785 libertas,
462 2712 650 2774 communia
666 2712 794 2793 pocula,
813 2713 920 2776 lectus

111 2842 178 2883 non
196 2820 280 2883 alius
297 2820 461 2901 cuiquam,
481 2839 543 2882 nec
560 2840 677 2882 mensa
694 2821 854 2883 remotior
870 2820 937 2884 ulli.

111 2929 189 3011 quid
207 2928 310 2992 iacias
329 2927 428 2989 talem
447 2929 593 3001 sortitus,
615 2929 763 3002 Pontice,
782 2930 939 2991 servum?

112 3057 232 3117 nempe
249 3036 283 3097 in
302 3037 457 3098 Lucanos
475 3045 531 3097 aut
549 3036 660 3098 Tusca
677 3035 847 3118 ergastula
863 3036 986 3100 mittas.
1113 3043 1156 3093 180

111 3155 144 3207 at
161 3165 230 3218 vos
249 3143 470 3223 Troiugenae,
490 3143 583 3205 vobis
602 3143 787 3225 ignoscitis
807 3153 840 3206 et
858 3164 942 3226 quae

110 3253 220 3334 turpia
237 3252 383 3325 cerdoni,
402 3252 544 3314 Volesos
563 3253 769 3334 Brutumque
787 3252 964 3315 decebunt.

159 3361 247 3443 Quid
264 3360 293 3422 si
310 3381 489 3442 numquam
508 3362 590 3423 adeo
606 3361 714 3424 foedis
731 3362 880 3443 adeoque
897 3361 1062 3442 pudendis

111 3470 235 3532 utimur
252 3467 412 3548 exemplis
430 3478 465 3530 ut
483 3489 551 3531 non
568 3469 680 3550 peiora
698 3469 890 3550 supersint?

110 3576 317 3657 consumptis
339 3575 457 3656 opibus
474 3597 600 3651 vocem,
620 3577 835 3658 Damasippe,
854 3576 971 3640 locasti
1112 3584 1157 3649 185
