2422 4006
518 309 672 356 ‚SATVRA
697 308 721 354 V

84 461 161 539 ¹flos
180 476 284 540 Asiae
300 485 379 539 ante
397 476 515 558 ipsum,
535 476 643 557 pretio
661 475 785 538 maiore
802 484 938 557 paratus
1021 467 1025 472 ⁵

96 605 198 667 quam
215 584 280 647 fuit
298 595 331 647 et
349 584 439 647 Tulli
456 605 577 648 census
594 585 757 666 pugnacis
775 593 808 646 et
826 580 925 647 Anci'

97 701 143 767 et,
162 713 205 756 ne
222 703 257 756 te
274 703 419 768 teneam,
440 694 669 756 Romanorum
687 693 797 755 omnia
815 712 931 774 regum

95 800 226 864 frivola.
276 802 455 884 quodcum
476 801 522 864 ita
539 801 592 877 sit,
612 810 649 863 tu
668 800 848 863 Gaetulum
869 780 1097 884 Ganymedem

96 910 238 991 respice,
259 930 334 973 cum
352 910 456 973 sities.
507 910 615 973 nescit
634 918 684 972 tot
702 909 836 971 milibus
855 917 987 989 emptus
1113 917 1145 967 60

71 1101 75 1111 „
96 1018 301 1100 pauperibus
319 1019 460 1082 miscere
478 1039 559 1100 puer
575 1040 582 1094 ;
608 1018 667 1080 sed
683 1017 801 1091 forma,
821 1017 879 1079 sed
896 1025 989 1079 aetas

80 1126 202 1208 „digna
219 1127 406 1208 supercilio.
457 1127 589 1208 quando
607 1126 647 1188 ad
665 1135 700 1188 te
718 1125 870 1206 pervenit
889 1124 969 1186 ille?

96 1234 231 1317 quando
249 1245 384 1317 rogatus
401 1235 496 1297 adest
514 1234 641 1296 calidae
657 1233 853 1316 gelidaeque
870 1232 1045 1294 minister?

96 1343 223 1426 quippe
240 1344 433 1425 indignatur
449 1343 554 1405 veteri
571 1362 687 1424 parere
705 1341 829 1416 clienti,

97 1452 254 1533 quodque
271 1451 393 1535 aliquid
411 1472 530 1532 poscas
548 1462 581 1513 et
598 1452 686 1533 quod
705 1471 741 1512 sc
758 1459 870 1512 stante
887 1449 1070 1512 recumbas.
1113 1459 1145 1525 65

97 1559 243 1621 maxima
259 1579 409 1642 quaeque
427 1560 546 1622 domus
565 1559 670 1622 servis
688 1567 739 1621 est
757 1558 856 1640 plena
874 1557 1037 1638 superbis.

98 1687 179 1730 ecce
195 1666 278 1730 alius
295 1678 419 1750 quanto
437 1667 582 1749 porrexit
600 1687 769 1730 murmure
785 1686 905 1748 panem

98 1775 154 1836 vix
171 1775 324 1850 fractum,
345 1776 468 1839 solidae
485 1776 549 1839 iam
567 1776 699 1838 mucida
715 1775 823 1837 frusta
839 1774 976 1848 farinae,

98 1903 185 1965 quae
201 1884 384 1965 genuinum
402 1885 542 1967 agitent,
561 1904 628 1946 non
646 1883 859 1946 admittentia
876 1902 1031 1945 morsum.

99 1993 161 2054 sed
178 2001 324 2054 teneret
342 1992 458 2055 niveus
476 1992 634 2075 mollique
652 1992 782 2074 siligine
799 1993 897 2054 fictus
1114 2010 1146 2058 70

100 2110 252 2162 servatur
268 2100 413 2163 domino.
462 2100 613 2163 dextram
632 2100 788 2163 cohibere
805 2109 983 2175 memento,

100 2206 192 2270 salva
208 2208 251 2271 sit
269 2218 422 2290 artoptae
439 2209 634 2272 reverentia.
685 2209 774 2289 finge
791 2217 902 2270 tamen
919 2217 954 2270 tc

100 2315 334 2397 improbulum‚
353 2325 507 2398 superest
525 2316 590 2378 illic
607 2317 664 2397 qui
681 2336 806 2397 ponere
823 2323 940 2397 cogat:

103 2424 174 2487 ‘vis
191 2433 228 2487 tu
247 2425 428 2499 consuetis,
447 2425 554 2487 audax
571 2423 719 2498 conviva,
739 2423 894 2486 canistris

101 2531 232 2614 impleri
249 2533 410 2614 panisque
427 2533 476 2595 tui
493 2532 627 2595 novisse
645 2532 787 2595 colorem
802 2530 832 2593 ?’

102 2639 251 2702 ‘scilicet
268 2639 332 2702 hoc
348 2640 458 2703 iuerat
476 2650 613 2722 propter
629 2641 716 2722 quod
735 2660 834 2720 saepe
851 2638 966 2702 relicta

101 2746 245 2829 coniuge
262 2767 322 2829 per
337 2759 485 2812 montem
503 2750 678 2812 adversum
696 2749 889 2830 gelidasque
906 2748 1035 2810 cucurri

102 2855 281 2938 Esquilias,
300 2856 457 2920 fremeret
475 2878 574 2921 saeva
591 2879 666 2920 cum
684 2856 847 2938 grandine
863 2875 986 2918 vernus

102 2965 255 3048 luppiter
266 2973 300 3028 et
318 2965 423 3029 multo
440 2965 581 3028 stillaret
599 2964 741 3047 paenula
758 2961 892 3026 nimbo’

146 3073 274 3157 Aspice
291 3095 390 3156 quam
408 3074 509 3156 longo
526 3074 709 3154 distinguat
729 3081 865 3154 pectore
881 3071 1011 3134 lancem
1114 3082 1147 3131 80

101 3204 185 3265 quae
201 3183 310 3246 fertur
326 3183 460 3246 domino
478 3182 606 3265 squilla,
626 3189 659 3243 et
677 3180 797 3262 quibus
816 3180 963 3261 undique
978 3188 1093 3261 saepta

101 3291 269 3374 asparagis
287 3312 352 3373 qua
368 3290 529 3373 despiciat
547 3288 698 3353 convivia
715 3290 829 3363 cauda,

102 3399 179 3462 dum
195 3399 288 3463 venit
305 3399 427 3462 excelsi
444 3399 598 3462 manibus
616 3397 748 3460 sublata
761 3396 916 3460 ministri.

104 3509 160 3571 sed
177 3507 240 3571 tibi
257 3507 393 3570 dimidio
410 3507 611 3570 constrictus
629 3525 815 3569 cammarus
833 3525 895 3566 ovo

103 3615 236 3696 ponitur
253 3617 373 3698 exigua
389 3614 501 3678 feralis
520 3635 602 3677 cena
619 3613 750 3695 patella.
