2422 4006
468 294 614 342 SATVRA
639 295 693 342 VII

55 471 232 544 empturus
247 482 369 543 pueros
386 471 563 545 argentum
580 462 728 525 murrina
744 463 860 539 villas;

56 571 199 653 spondet
217 571 305 633 enim
324 571 426 655 Tyrio
443 571 610 634 stlattaria
626 591 772 658 purpura
788 571 853 635 filo.

56 689 220 743 ettamen
239 688 290 742 est
308 678 373 742 illis
391 681 453 743 hoc
471 679 562 744 utile.
612 701 758 763 purpura
774 680 888 743 vendit
1057 699 1103 752 ¹35

56 788 271 863 causidicum,
290 789 441 851 vendunt
458 789 700 872 amethystina3
725 789 881 852 convenit
899 787 945 850 illi

56 907 89 959 et
107 897 251 978 strepitu
269 905 302 960 et
318 897 405 960 facie
422 897 555 963 maioris
571 897 684 960 vivere
701 917 844 974 census,
912 885 916 892 ¹

56 1006 114 1068 sed
133 1006 235 1068 finem
252 1005 413 1088 inpensae
429 1027 497 1068 non
515 1015 625 1069 servat
643 1006 782 1088 prodiga
799 1008 916 1070 Roma.

56 1114 191 1177 fidimus
209 1114 364 1196 eloquio?
414 1115 568 1178 Ciceroni
585 1135 684 1178 nemo
702 1117 865 1178 ducentos

56 1243 145 1286 nunc
163 1223 291 1286 dederit
309 1244 473 1299 nummos,
493 1224 557 1286 nisi
572 1223 706 1287 fulserit
723 1224 842 1287 anulus
860 1224 990 1306 ingens.
1058 1244 1103 1290 140

56 1331 193 1412 respicit
210 1331 291 1394 haee
307 1333 450 1413 primum
468 1332 525 1414 qui
542 1332 661 1415 litigat,
680 1353 723 1394 an
739 1331 802 1396 tibi
819 1332 905 1395 servi

56 1440 278 1515 oct0,·decem
295 1440 444 1515 comites,
464 1461 507 1503 an
524 1450 599 1522 post
615 1451 651 1503 te
668 1440 757 1516 sella,
776 1441 882 1523 togati

55 1559 134 1612 ante
151 1550 263 1630 pedes.
313 1548 387 1611 ideo
404 1550 570 1612 conducta
587 1549 707 1612 Paulus
724 1550 845 1631 agebat

56 1657 273 1742 sardonyche,
292 1667 393 1739 atque
410 1657 484 1719 ideo
505 1657 607 1739 pluris
625 1679 723 1739 quam
742 1657 859 1720 Gallus
875 1658 1005 1739 agebat,

56 1786 156 1847 quam
174 1764 312 1828 Basilus.
363 1786 436 1828 rara
452 1766 486 1827 in
503 1766 597 1828 tenui
614 1765 770 1829 facundia
786 1786 906 1847 panno.
1057 1786 1102 1837 145

10 1897 12 1904 ·
56 1873 190 1955 quando
206 1873 284 1937 licet
302 1873 413 1936 Basilo
430 1874 567 1936 flentem
584 1875 768 1955 producere
786 1874 950 1936 matrem?

56 1981 132 2063 quis
148 1981 235 2044 bene
251 1981 419 2045 dicentem
439 1955 585 2044 Basilum
602 1982 713 2044 ferat?
762 1981 902 2062 accipiat
920 1991 954 2043 te

58 2089 235 2152 Galliave]
252 2091 364 2171 potius
382 2091 548 2153 nutricula
564 2091 805 2154 causidicorum

57 2197 184 2274 Africa,
204 2199 232 2262 si
250 2198 374 2280 placuit
392 2200 580 2262 mercedem
597 2219 721 2280 ponere
738 2199 880 2280 linguae.

104 2306 302 2371 Declamare
319 2308 447 2370 doces?
473 2328 492 2371 0
509 2308 618 2371 ferrea
634 2318 771 2390 pectora
787 2307 892 2382 Vetti,
1058 2335 1104 2388 150

58 2436 133 2478 cum
151 2415 284 2496 perimit
301 2436 418 2478 saevos
436 2416 552 2479 classis
569 2437 747 2479 numerosa
763 2425 934 2499 tyrannos.

58 2544 133 2586 nam
159 2544 387 2606 quaecumque
411 2526 532 2587 sedens
554 2526 653 2587 modo
676 2525 813 2606 legerat,
834 2524 917 2587 haec
941 2524 1057 2586 eadem

150 2641 243 2695 stans

57 2740 206 2822 perferet
222 2750 323 2822 atque
340 2742 455 2804 eadem
473 2742 621 2805 cantabit
638 2741 789 2804 versibus
807 2741 931 2816 isdem;

57 2847 179 2912 occidit
198 2849 336 2912 miseros
354 2851 487 2912 crambe
504 2850 647 2930 repetita
663 2849 854 2932 magistros.

57 2958 131 3039 quis
146 2958 236 3022 color
249 2967 282 3020 et
296 2959 385 3040 quod
398 2957 441 3020 sit
456 2978 574 3021 causae
586 2979 693 3041 genus
706 2968 807 3040 atque
820 2957 877 3020 ubi
891 2977 1020 3020 summa
1059 2976 1067 3010 1
1075 2976 1087 3027 5
1091 2976 1104 3027 5

57 3067 217 3148 quaestio,
236 3086 321 3148 quae
338 3066 474 3128 veniant
491 3067 642 3129 diversae
658 3067 746 3129 forte
763 3066 915 3148 sagittae,

57 3194 158 3237 nosse
174 3174 291 3237 volunt
309 3195 435 3250 omnes,
455 3176 643 3238 mercedem
662 3175 790 3237 solvere
808 3194 916 3237 nemo.

59 3283 266 3347 ‘mercedem
284 3283 455 3364 appellas?
481 3284 560 3366 quid
574 3283 662 3346 enim
677 3283 746 3346 scio
759 3281 790 3345 ?’
820 3282 936 3363 ‘culpa
951 3280 1104 3344 docentis

57 3391 186 3455 scilicet
203 3392 355 3474 arguitur
371 3392 459 3473 quod
477 3392 590 3455 laevae
607 3401 701 3473 parte
718 3391 883 3454 mamillae

56 3500 104 3562 nil
121 3499 198 3563 salit
217 3500 384 3564 Arcadico
401 3501 522 3574 iuveni,
541 3500 635 3564 cuius
653 3499 734 3561 mihi
752 3509 846 3561 sexta
1059 3503 1105 3552 160

56 3628 189 3691 quaque
204 3609 259 3672 die
276 3609 435 3672 miserum
453 3610 544 3671 dirus
563 3618 662 3689 caput
682 3607 853 3669 Hannibal
870 3606 995 3688 implet,
