<?xml version="1.0" encoding="UTF-8"?>
<!DOCTYPE html PUBLIC "-//W3C//DTD XHTML 1.0 Transitional//EN"
    "http://www.w3.org/TR/xhtml1/DTD/xhtml1-transitional.dtd">
<html xmlns="http://www.w3.org/1999/xhtml" xml:lang="en" lang="en">
 <head>
  <title>
</title>
<meta http-equiv="Content-Type" content="text/html;charset=utf-8" />
  <meta name='ocr-system' content='tesseract 3.04.00' />
  <meta name='ocr-capabilities' content='ocr_page ocr_carea ocr_par ocr_line ocrx_word'/>
</head>
<body>
  <div class='ocr_page' id='page_1' title='image "./juvenal01wriggoog_0033.png"; bbox 0 0 2422 4006; ppageno 0'>
   <div class='ocr_carea' id='block_1_1' title="bbox 79 290 706 340">
    <p class='ocr_par' dir='ltr' id='par_1_1' title="bbox 79 290 706 340">
     <span class='ocr_line' id='line_1_1' title="bbox 79 290 706 340; baseline 0.002 -1"><span class='ocrx_word' id='word_1_1' title='bbox 79 290 111 339; x_wconf 89' lang='lat'>24</span> <span class='ocrx_word' id='word_1_2' title='bbox 502 291 706 340; x_wconf 86' lang='lat' dir='ltr'>lVVENALlS</span> 
     </span>
    </p>
   </div>
   <div class='ocr_carea' id='block_1_2' title="bbox 79 456 994 3682">
    <p class='ocr_par' dir='ltr' id='par_1_2' title="bbox 79 456 874 540">
     <span class='ocr_line' id='line_1_2' title="bbox 79 456 874 540; baseline 0.004 -21"><span class='ocrx_word' id='word_1_3' title='bbox 79 456 235 532; x_wconf 91' lang='lat' dir='ltr'>deliciae;</span> <span class='ocrx_word' id='word_1_4' title='bbox 260 457 375 520; x_wconf 94' lang='lat' dir='ltr'>viduas</span> <span class='ocrx_word' id='word_1_5' title='bbox 392 466 522 521; x_wconf 92' lang='lat' dir='ltr'>tantum</span> <span class='ocrx_word' id='word_1_6' title='bbox 541 467 719 540; x_wconf 84' lang='lat' dir='ltr'>spernatur</span> <span class='ocrx_word' id='word_1_7' title='bbox 735 459 874 523; x_wconf 87' lang='lat' dir='ltr'>adulter.</span> 
     </span>
    </p>

    <p class='ocr_par' dir='ltr' id='par_1_3' title="bbox 80 565 993 1842">
     <span class='ocr_line' id='line_1_3' title="bbox 80 565 855 650; baseline 0.004 -23"><span class='ocrx_word' id='word_1_8' title='bbox 80 565 158 648; x_wconf 93' lang='lat' dir='ltr'>quid</span> <span class='ocrx_word' id='word_1_9' title='bbox 176 565 278 628; x_wconf 81' lang='lat' dir='ltr'>refert</span> <span class='ocrx_word' id='word_1_10' title='bbox 297 565 398 648; x_wconf 88' lang='lat' dir='ltr'>igitur</span> <span class='ocrx_word' id='word_1_11' title='bbox 415 566 548 648; x_wconf 88' lang='lat' dir='ltr'>quantis</span> <span class='ocrx_word' id='word_1_12' title='bbox 567 567 717 630; x_wconf 90' lang='lat' dir='ltr'>iumenta</span> <span class='ocrx_word' id='word_1_13' title='bbox 733 567 855 650; x_wconf 90' lang='lat' dir='ltr'>fatiget</span> 
     </span>
     <span class='ocr_line' id='line_1_4' title="bbox 80 673 971 756; baseline 0.003 -19"><span class='ocrx_word' id='word_1_14' title='bbox 80 673 273 756; x_wconf 88' lang='lat' dir='ltr'>porticibus,</span> <span class='ocrx_word' id='word_1_15' title='bbox 293 683 417 756; x_wconf 92' lang='lat' dir='ltr'>quanta</span> <span class='ocrx_word' id='word_1_16' title='bbox 434 695 607 738; x_wconf 87' lang='lat' dir='ltr'>nemorum</span> <span class='ocrx_word' id='word_1_17' title='bbox 624 685 777 739; x_wconf 88' lang='lat' dir='ltr'>vectetur</span> <span class='ocrx_word' id='word_1_18' title='bbox 794 676 827 739; x_wconf 90' lang='lat' dir='ltr'>in</span> <span class='ocrx_word' id='word_1_19' title='bbox 845 678 971 752; x_wconf 90' lang='lat' dir='ltr'>umbra,</span> 
     </span>
     <span class='ocr_line' id='line_1_5' title="bbox 81 782 893 866; baseline 0 -19"><span class='ocrx_word' id='word_1_20' title='bbox 81 784 196 866; x_wconf 90' lang='lat' dir='ltr'>iugera</span> <span class='ocrx_word' id='word_1_21' title='bbox 212 792 292 866; x_wconf 94' lang='lat' dir='ltr'>quot</span> <span class='ocrx_word' id='word_1_22' title='bbox 310 782 417 846; x_wconf 86' lang='lat' dir='ltr'>vicina</span> <span class='ocrx_word' id='word_1_23' title='bbox 433 783 516 859; x_wconf 88' lang='lat' dir='ltr'>foro,</span> <span class='ocrx_word' id='word_1_24' title='bbox 535 805 618 866; x_wconf 92' lang='lat' dir='ltr'>quas</span> <span class='ocrx_word' id='word_1_25' title='bbox 636 784 753 847; x_wconf 91' lang='lat' dir='ltr'>emerit</span> <span class='ocrx_word' id='word_1_26' title='bbox 771 785 893 848; x_wconf 90' lang='lat' dir='ltr'>aedes?</span> 
     </span>
     <span class='ocr_line' id='line_1_6' title="bbox 81 891 916 974; baseline 0.001 -20"><span class='ocrx_word' id='word_1_27' title='bbox 81 913 180 954; x_wconf 90' lang='lat' dir='ltr'>nemo</span> <span class='ocrx_word' id='word_1_28' title='bbox 197 891 304 954; x_wconf 91' lang='lat' dir='ltr'>malus</span> <span class='ocrx_word' id='word_1_29' title='bbox 321 891 411 965; x_wconf 84' lang='lat' dir='ltr'>felix,</span> <span class='ocrx_word' id='word_1_30' title='bbox 431 891 568 954; x_wconf 90' lang='lat' dir='ltr'>minime</span> <span class='ocrx_word' id='word_1_31' title='bbox 586 901 761 974; x_wconf 87' lang='lat' dir='ltr'>corruptor</span> <span class='ocrx_word' id='word_1_32' title='bbox 778 901 811 955; x_wconf 90' lang='lat' dir='ltr'>et</span> <span class='ocrx_word' id='word_1_33' title='bbox 829 892 916 956; x_wconf 93' lang='lat' dir='ltr'>idem</span> 
     </span>
     <span class='ocr_line' id='line_1_7' title="bbox 81 1001 854 1083; baseline 0 -21"><span class='ocrx_word' id='word_1_34' title='bbox 81 1001 240 1075; x_wconf 68' lang='lat' dir='ltr'>incestus</span> <span class='ocrx_word' id='word_1_35' title='bbox 260 1021 335 1063; x_wconf 92' lang='lat' dir='ltr'>cum</span> <span class='ocrx_word' id='word_1_36' title='bbox 353 1020 418 1083; x_wconf 93' lang='lat' dir='ltr'>quo</span> <span class='ocrx_word' id='word_1_37' title='bbox 435 1021 542 1083; x_wconf 89' lang='lat' dir='ltr'>nuper</span> <span class='ocrx_word' id='word_1_38' title='bbox 559 1001 680 1064; x_wconf 87' lang='lat' dir='ltr'>vittata</span> <span class='ocrx_word' id='word_1_39' title='bbox 697 1001 825 1064; x_wconf 90' lang='lat' dir='ltr'>iacebat</span> <span class='ocrx_word' id='word_1_40' title='bbox 851 1033 854 1037; x_wconf 93' lang='lat'>·</span> 
     </span>
     <span class='ocr_line' id='line_1_8' title="bbox 82 1109 956 1190; baseline 0.002 -19"><span class='ocrx_word' id='word_1_41' title='bbox 82 1109 244 1190; x_wconf 88' lang='lat' dir='ltr'>sanguine</span> <span class='ocrx_word' id='word_1_42' title='bbox 261 1109 369 1172; x_wconf 92' lang='lat' dir='ltr'>adhuc</span> <span class='ocrx_word' id='word_1_43' title='bbox 386 1109 461 1172; x_wconf 88' lang='lat' dir='ltr'>vivo</span> <span class='ocrx_word' id='word_1_44' title='bbox 479 1118 601 1172; x_wconf 90' lang='lat' dir='ltr'>terram</span> <span class='ocrx_word' id='word_1_45' title='bbox 624 1109 777 1172; x_wconf 89' lang='lat' dir='ltr'>subitura</span> <span class='ocrx_word' id='word_1_46' title='bbox 793 1110 956 1173; x_wconf 87' lang='lat' dir='ltr'>sacerdos.</span> 
     </span>
     <span class='ocr_line' id='line_1_9' title="bbox 81 1217 934 1293; baseline 0 -13"><span class='ocrx_word' id='word_1_47' title='bbox 81 1218 139 1280; x_wconf 92' lang='lat' dir='ltr'>sed</span> <span class='ocrx_word' id='word_1_48' title='bbox 157 1238 246 1280; x_wconf 92' lang='lat' dir='ltr'>nunc</span> <span class='ocrx_word' id='word_1_49' title='bbox 263 1218 304 1280; x_wconf 92' lang='lat' dir='ltr'>de</span> <span class='ocrx_word' id='word_1_50' title='bbox 321 1217 420 1280; x_wconf 88' lang='lat' dir='ltr'>factis</span> <span class='ocrx_word' id='word_1_51' title='bbox 438 1217 617 1280; x_wconf 89' lang='lat' dir='ltr'>levioribus</span> <span class='ocrx_word' id='word_1_52' title='bbox 635 1239 642 1293; x_wconf 91' lang='lat'>;</span> <span class='ocrx_word' id='word_1_53' title='bbox 667 1227 700 1280; x_wconf 90' lang='lat' dir='ltr'>et</span> <span class='ocrx_word' id='word_1_54' title='bbox 719 1226 831 1280; x_wconf 88' lang='lat' dir='ltr'>tamen</span> <span class='ocrx_word' id='word_1_55' title='bbox 849 1218 934 1280; x_wconf 91' lang='lat' dir='ltr'>alter</span> 
     </span>
     <span class='ocr_line' id='line_1_10' title="bbox 81 1325 904 1402; baseline 0.001 -15"><span class='ocrx_word' id='word_1_56' title='bbox 81 1325 110 1387; x_wconf 91' lang='lat' dir='ltr'>si</span> <span class='ocrx_word' id='word_1_57' title='bbox 126 1326 263 1389; x_wconf 84' lang='lat' dir='ltr'>fecisset</span> <span class='ocrx_word' id='word_1_58' title='bbox 282 1326 379 1400; x_wconf 91' lang='lat' dir='ltr'>idem,</span> <span class='ocrx_word' id='word_1_59' title='bbox 399 1327 531 1389; x_wconf 86' lang='lat' dir='ltr'>caderet</span> <span class='ocrx_word' id='word_1_60' title='bbox 550 1326 612 1389; x_wconf 92' lang='lat' dir='ltr'>sub</span> <span class='ocrx_word' id='word_1_61' title='bbox 631 1326 739 1389; x_wconf 90' lang='lat' dir='ltr'>iudice</span> <span class='ocrx_word' id='word_1_62' title='bbox 756 1346 904 1402; x_wconf 86' lang='lat' dir='ltr'>morum;</span> 
     </span>
     <span class='ocr_line' id='line_1_11' title="bbox 81 1433 932 1517; baseline 0.001 -20"><span class='ocrx_word' id='word_1_63' title='bbox 81 1455 156 1497; x_wconf 91' lang='lat' dir='ltr'>nam</span> <span class='ocrx_word' id='word_1_64' title='bbox 175 1434 263 1517; x_wconf 94' lang='lat' dir='ltr'>quod</span> <span class='ocrx_word' id='word_1_65' title='bbox 281 1443 377 1516; x_wconf 87' lang='lat' dir='ltr'>turpe</span> <span class='ocrx_word' id='word_1_66' title='bbox 395 1434 491 1497; x_wconf 89' lang='lat' dir='ltr'>bonis</span> <span class='ocrx_word' id='word_1_67' title='bbox 509 1434 599 1496; x_wconf 92' lang='lat' dir='ltr'>Titio</span> <span class='ocrx_word' id='word_1_68' title='bbox 619 1433 771 1516; x_wconf 90' lang='lat' dir='ltr'>Seioque,</span> <span class='ocrx_word' id='word_1_69' title='bbox 792 1435 932 1498; x_wconf 88' lang='lat' dir='ltr'>decebat</span> 
     </span>
     <span class='ocr_line' id='line_1_12' title="bbox 83 1542 993 1625; baseline 0.001 -20"><span class='ocrx_word' id='word_1_70' title='bbox 83 1543 284 1625; x_wconf 87' lang='lat' dir='ltr'>Crispinum.</span> <span class='ocrx_word' id='word_1_71' title='bbox 334 1542 411 1624; x_wconf 94' lang='lat' dir='ltr'>quid</span> <span class='ocrx_word' id='word_1_72' title='bbox 429 1563 508 1624; x_wconf 88' lang='lat' dir='ltr'>agas</span> <span class='ocrx_word' id='word_1_73' title='bbox 527 1563 600 1606; x_wconf 92' lang='lat' dir='ltr'>cum</span> <span class='ocrx_word' id='word_1_74' title='bbox 618 1543 690 1605; x_wconf 89' lang='lat' dir='ltr'>dira</span> <span class='ocrx_word' id='word_1_75' title='bbox 706 1551 740 1606; x_wconf 91' lang='lat' dir='ltr'>et</span> <span class='ocrx_word' id='word_1_76' title='bbox 756 1543 887 1605; x_wconf 88' lang='lat' dir='ltr'>foedior</span> <span class='ocrx_word' id='word_1_77' title='bbox 902 1543 993 1606; x_wconf 93' lang='lat' dir='ltr'>omni</span> 
     </span>
     <span class='ocr_line' id='line_1_13' title="bbox 82 1651 966 1733; baseline 0 -19"><span class='ocrx_word' id='word_1_78' title='bbox 82 1651 220 1714; x_wconf 90' lang='lat' dir='ltr'>crimine</span> <span class='ocrx_word' id='word_1_79' title='bbox 237 1671 379 1733; x_wconf 88' lang='lat' dir='ltr'>persona</span> <span class='ocrx_word' id='word_1_80' title='bbox 396 1652 469 1714; x_wconf 88' lang='lat' dir='ltr'>est?</span> <span class='ocrx_word' id='word_1_81' title='bbox 494 1651 632 1714; x_wconf 93' lang='lat' dir='ltr'>mullum</span> <span class='ocrx_word' id='word_1_82' title='bbox 650 1671 708 1714; x_wconf 87' lang='lat' dir='ltr'>sex</span> <span class='ocrx_word' id='word_1_83' title='bbox 725 1651 859 1714; x_wconf 88' lang='lat' dir='ltr'>milibus</span> <span class='ocrx_word' id='word_1_84' title='bbox 877 1652 966 1726; x_wconf 91' lang='lat' dir='ltr'>emit,</span> 
     </span>
     <span class='ocr_line' id='line_1_14' title="bbox 81 1759 820 1842; baseline 0 -20"><span class='ocrx_word' id='word_1_85' title='bbox 81 1769 280 1842; x_wconf 88' lang='lat' dir='ltr'>aequantem</span> <span class='ocrx_word' id='word_1_86' title='bbox 298 1779 379 1823; x_wconf 88' lang='lat' dir='ltr'>sane</span> <span class='ocrx_word' id='word_1_87' title='bbox 395 1760 529 1842; x_wconf 92' lang='lat' dir='ltr'>paribus</span> <span class='ocrx_word' id='word_1_88' title='bbox 546 1759 702 1823; x_wconf 90' lang='lat' dir='ltr'>sestertia</span> <span class='ocrx_word' id='word_1_89' title='bbox 718 1759 820 1834; x_wconf 92' lang='lat' dir='ltr'>libris,</span> 
     </span>
    </p>

    <p class='ocr_par' dir='ltr' id='par_1_4' title="bbox 82 1867 983 2275">
     <span class='ocr_line' id='line_1_15' title="bbox 82 1867 938 1950; baseline 0 -20"><span class='ocrx_word' id='word_1_90' title='bbox 82 1877 119 1930; x_wconf 93' lang='lat' dir='ltr'>ut</span> <span class='ocrx_word' id='word_1_91' title='bbox 136 1868 312 1950; x_wconf 88' lang='lat' dir='ltr'>perhibent</span> <span class='ocrx_word' id='word_1_92' title='bbox 329 1868 386 1950; x_wconf 90' lang='lat' dir='ltr'>qui</span> <span class='ocrx_word' id='word_1_93' title='bbox 402 1868 444 1931; x_wconf 91' lang='lat' dir='ltr'>de</span> <span class='ocrx_word' id='word_1_94' title='bbox 460 1868 591 1949; x_wconf 87' lang='lat' dir='ltr'>magnis</span> <span class='ocrx_word' id='word_1_95' title='bbox 609 1867 733 1931; x_wconf 92' lang='lat' dir='ltr'>maiora</span> <span class='ocrx_word' id='word_1_96' title='bbox 750 1867 938 1950; x_wconf 90' lang='lat' dir='ltr'>loquuntur.</span> 
     </span>
     <span class='ocr_line' id='line_1_16' title="bbox 82 1975 850 2051; baseline -0.004 -11"><span class='ocrx_word' id='word_1_97' title='bbox 82 1976 257 2040; x_wconf 89' lang='lat' dir='ltr'>consilium</span> <span class='ocrx_word' id='word_1_98' title='bbox 274 1976 372 2039; x_wconf 91' lang='lat' dir='ltr'>laudo</span> <span class='ocrx_word' id='word_1_99' title='bbox 388 1975 535 2051; x_wconf 90' lang='lat' dir='ltr'>artificis,</span> <span class='ocrx_word' id='word_1_100' title='bbox 554 1976 582 2039; x_wconf 89' lang='lat' dir='ltr'>si</span> <span class='ocrx_word' id='word_1_101' title='bbox 600 1996 738 2038; x_wconf 91' lang='lat' dir='ltr'>munere</span> <span class='ocrx_word' id='word_1_102' title='bbox 754 1984 850 2038; x_wconf 91' lang='lat' dir='ltr'>tanto</span> 
     </span>
     <span class='ocr_line' id='line_1_17' title="bbox 82 2082 983 2167; baseline -0.001 -19"><span class='ocrx_word' id='word_1_103' title='bbox 82 2085 292 2167; x_wconf 88' lang='lat' dir='ltr'>praecipuam</span> <span class='ocrx_word' id='word_1_104' title='bbox 312 2085 344 2146; x_wconf 93' lang='lat' dir='ltr'>in</span> <span class='ocrx_word' id='word_1_105' title='bbox 362 2084 484 2147; x_wconf 91' lang='lat' dir='ltr'>tabulis</span> <span class='ocrx_word' id='word_1_106' title='bbox 502 2105 610 2147; x_wconf 91' lang='lat' dir='ltr'>ceram</span> <span class='ocrx_word' id='word_1_107' title='bbox 629 2085 719 2147; x_wconf 91' lang='lat' dir='ltr'>senis</span> <span class='ocrx_word' id='word_1_108' title='bbox 736 2082 875 2146; x_wconf 90' lang='lat' dir='ltr'>abstulit</span> <span class='ocrx_word' id='word_1_109' title='bbox 892 2085 983 2161; x_wconf 87' lang='lat' dir='ltr'>orbi;</span> 
     </span>
     <span class='ocr_line' id='line_1_18' title="bbox 83 2192 865 2275; baseline -0.004 -18"><span class='ocrx_word' id='word_1_110' title='bbox 83 2203 135 2257; x_wconf 92' lang='lat' dir='ltr'>est</span> <span class='ocrx_word' id='word_1_111' title='bbox 152 2193 236 2256; x_wconf 87' lang='lat' dir='ltr'>ratio</span> <span class='ocrx_word' id='word_1_112' title='bbox 253 2192 399 2267; x_wconf 87' lang='lat' dir='ltr'>ulterior,</span> <span class='ocrx_word' id='word_1_113' title='bbox 418 2214 559 2275; x_wconf 87' lang='lat' dir='ltr'>magnae</span> <span class='ocrx_word' id='word_1_114' title='bbox 577 2193 605 2256; x_wconf 94' lang='lat' dir='ltr'>si</span> <span class='ocrx_word' id='word_1_115' title='bbox 623 2193 713 2255; x_wconf 90' lang='lat' dir='ltr'>misit</span> <span class='ocrx_word' id='word_1_116' title='bbox 731 2192 865 2266; x_wconf 90' lang='lat' dir='ltr'>amicae,</span> 
     </span>
    </p>

    <p class='ocr_par' dir='ltr' id='par_1_5' title="bbox 83 2301 888 2385">
     <span class='ocr_line' id='line_1_19' title="bbox 83 2301 888 2385; baseline -0.004 -19"><span class='ocrx_word' id='word_1_117' title='bbox 83 2322 168 2385; x_wconf 91' lang='lat' dir='ltr'>quae</span> <span class='ocrx_word' id='word_1_118' title='bbox 184 2301 317 2364; x_wconf 91' lang='lat' dir='ltr'>vehitur</span> <span class='ocrx_word' id='word_1_119' title='bbox 334 2301 426 2364; x_wconf 93' lang='lat' dir='ltr'>cluso</span> <span class='ocrx_word' id='word_1_120' title='bbox 443 2301 519 2364; x_wconf 89' lang='lat' dir='ltr'>latis</span> <span class='ocrx_word' id='word_1_121' title='bbox 538 2301 765 2383; x_wconf 89' lang='lat' dir='ltr'>specularibus</span> <span class='ocrx_word' id='word_1_122' title='bbox 783 2308 888 2363; x_wconf 90' lang='lat' dir='ltr'>antro.</span> 
     </span>
    </p>

    <p class='ocr_par' dir='ltr' id='par_1_6' title="bbox 83 2408 963 3033">
     <span class='ocr_line' id='line_1_20' title="bbox 83 2408 944 2492; baseline -0.001 -19"><span class='ocrx_word' id='word_1_123' title='bbox 83 2410 129 2473; x_wconf 90' lang='lat' dir='ltr'>nil</span> <span class='ocrx_word' id='word_1_124' title='bbox 146 2410 213 2474; x_wconf 91' lang='lat' dir='ltr'>tale</span> <span class='ocrx_word' id='word_1_125' title='bbox 230 2420 425 2492; x_wconf 87' lang='lat' dir='ltr'>exspectes:</span> <span class='ocrx_word' id='word_1_126' title='bbox 450 2410 530 2472; x_wconf 93' lang='lat' dir='ltr'>emit</span> <span class='ocrx_word' id='word_1_127' title='bbox 549 2409 622 2473; x_wconf 88' lang='lat' dir='ltr'>sibi.</span> <span class='ocrx_word' id='word_1_128' title='bbox 672 2409 777 2472; x_wconf 90' lang='lat' dir='ltr'>multa</span> <span class='ocrx_word' id='word_1_129' title='bbox 793 2408 944 2472; x_wconf 92' lang='lat' dir='ltr'>videmus</span> 
     </span>
     <span class='ocr_line' id='line_1_21' title="bbox 83 2516 963 2601; baseline -0.001 -20"><span class='ocrx_word' id='word_1_130' title='bbox 83 2538 168 2601; x_wconf 91' lang='lat' dir='ltr'>quae</span> <span class='ocrx_word' id='word_1_131' title='bbox 185 2519 286 2581; x_wconf 90' lang='lat' dir='ltr'>miser</span> <span class='ocrx_word' id='word_1_132' title='bbox 303 2527 335 2580; x_wconf 92' lang='lat' dir='ltr'>et</span> <span class='ocrx_word' id='word_1_133' title='bbox 353 2518 442 2601; x_wconf 87' lang='lat' dir='ltr'>frugi</span> <span class='ocrx_word' id='word_1_134' title='bbox 457 2538 525 2581; x_wconf 93' lang='lat' dir='ltr'>non</span> <span class='ocrx_word' id='word_1_135' title='bbox 543 2518 625 2580; x_wconf 90' lang='lat' dir='ltr'>fecit</span> <span class='ocrx_word' id='word_1_136' title='bbox 644 2516 795 2599; x_wconf 86' lang='lat' dir='ltr'>Apicius</span> <span class='ocrx_word' id='word_1_137' title='bbox 845 2516 909 2580; x_wconf 95' lang='lat' dir='ltr'>hoc</span> <span class='ocrx_word' id='word_1_138' title='bbox 926 2525 963 2580; x_wconf 94' lang='lat' dir='ltr'>tu</span> 
     </span>
     <span class='ocr_line' id='line_1_22' title="bbox 84 2625 945 2709; baseline -0.002 -20"><span class='ocrx_word' id='word_1_139' title='bbox 84 2626 275 2689; x_wconf 88' lang='lat' dir='ltr'>succinctus</span> <span class='ocrx_word' id='word_1_140' title='bbox 293 2626 399 2708; x_wconf 88' lang='lat' dir='ltr'>patria</span> <span class='ocrx_word' id='word_1_141' title='bbox 415 2627 591 2709; x_wconf 91' lang='lat' dir='ltr'>quondam,</span> <span class='ocrx_word' id='word_1_142' title='bbox 613 2625 776 2707; x_wconf 88' lang='lat' dir='ltr'>Crispine‚</span> <span class='ocrx_word' id='word_1_143' title='bbox 796 2625 945 2709; x_wconf 90' lang='lat' dir='ltr'>papyro?</span> 
     </span>
     <span class='ocr_line' id='line_1_23' title="bbox 83 2732 942 2816; baseline -0.005 -18"><span class='ocrx_word' id='word_1_144' title='bbox 83 2736 146 2798; x_wconf 93' lang='lat' dir='ltr'>hoc</span> <span class='ocrx_word' id='word_1_145' title='bbox 163 2734 271 2816; x_wconf 87' lang='lat' dir='ltr'>pretio</span> <span class='ocrx_word' id='word_1_146' title='bbox 289 2735 468 2816; x_wconf 88' lang='lat' dir='ltr'>squamae?</span> <span class='ocrx_word' id='word_1_147' title='bbox 517 2735 625 2816; x_wconf 91' lang='lat' dir='ltr'>potuit</span> <span class='ocrx_word' id='word_1_148' title='bbox 642 2735 787 2797; x_wconf 89' lang='lat' dir='ltr'>fortasse</span> <span class='ocrx_word' id='word_1_149' title='bbox 804 2732 942 2796; x_wconf 89' lang='lat' dir='ltr'>minoris</span> 
     </span>
     <span class='ocr_line' id='line_1_24' title="bbox 83 2841 862 2925; baseline -0.005 -19"><span class='ocrx_word' id='word_1_150' title='bbox 83 2843 229 2925; x_wconf 88' lang='lat' dir='ltr'>piscator</span> <span class='ocrx_word' id='word_1_151' title='bbox 246 2864 344 2925; x_wconf 91' lang='lat' dir='ltr'>quam</span> <span class='ocrx_word' id='word_1_152' title='bbox 361 2842 463 2924; x_wconf 92' lang='lat' dir='ltr'>piscis</span> <span class='ocrx_word' id='word_1_153' title='bbox 480 2843 565 2919; x_wconf 90' lang='lat' dir='ltr'>emi;</span> <span class='ocrx_word' id='word_1_154' title='bbox 589 2843 760 2925; x_wconf 88' lang='lat' dir='ltr'>provincia</span> <span class='ocrx_word' id='word_1_155' title='bbox 776 2841 862 2904; x_wconf 91' lang='lat' dir='ltr'>tanti</span> 
     </span>
     <span class='ocr_line' id='line_1_25' title="bbox 83 2949 842 3033; baseline -0.003 -20"><span class='ocrx_word' id='word_1_156' title='bbox 83 2952 197 3014; x_wconf 90' lang='lat' dir='ltr'>vendit</span> <span class='ocrx_word' id='word_1_157' title='bbox 215 2972 322 3033; x_wconf 87' lang='lat' dir='ltr'>agros,</span> <span class='ocrx_word' id='word_1_158' title='bbox 342 2952 399 3014; x_wconf 90' lang='lat' dir='ltr'>sed</span> <span class='ocrx_word' id='word_1_159' title='bbox 417 2951 560 3014; x_wconf 91' lang='lat' dir='ltr'>maiores</span> <span class='ocrx_word' id='word_1_160' title='bbox 578 2950 704 3032; x_wconf 91' lang='lat' dir='ltr'>Apulia</span> <span class='ocrx_word' id='word_1_161' title='bbox 719 2949 842 3013; x_wconf 90' lang='lat' dir='ltr'>vendit.</span> 
     </span>
    </p>

    <p class='ocr_par' dir='ltr' id='par_1_7' title="bbox 83 3058 994 3469">
     <span class='ocr_line' id='line_1_26' title="bbox 83 3058 892 3143; baseline -0.004 -20"><span class='ocrx_word' id='word_1_162' title='bbox 83 3060 189 3143; x_wconf 92' lang='lat' dir='ltr'>qualis</span> <span class='ocrx_word' id='word_1_163' title='bbox 206 3069 287 3123; x_wconf 92' lang='lat' dir='ltr'>tunc</span> <span class='ocrx_word' id='word_1_164' title='bbox 306 3060 419 3142; x_wconf 91' lang='lat' dir='ltr'>epulas</span> <span class='ocrx_word' id='word_1_165' title='bbox 438 3060 545 3141; x_wconf 90' lang='lat' dir='ltr'>ipsum</span> <span class='ocrx_word' id='word_1_166' title='bbox 563 3058 718 3140; x_wconf 89' lang='lat' dir='ltr'>gluttisse</span> <span class='ocrx_word' id='word_1_167' title='bbox 736 3067 892 3140; x_wconf 91' lang='lat' dir='ltr'>putamus</span> 
     </span>
     <span class='ocr_line' id='line_1_27' title="bbox 85 3167 856 3250; baseline -0.003 -20"><span class='ocrx_word' id='word_1_168' title='bbox 85 3168 363 3250; x_wconf 88' lang='lat' dir='ltr'>induperatorem,</span> <span class='ocrx_word' id='word_1_169' title='bbox 382 3189 457 3231; x_wconf 92' lang='lat' dir='ltr'>cum</span> <span class='ocrx_word' id='word_1_170' title='bbox 475 3177 525 3230; x_wconf 90' lang='lat' dir='ltr'>tot</span> <span class='ocrx_word' id='word_1_171' title='bbox 544 3167 710 3242; x_wconf 88' lang='lat' dir='ltr'>sestertia,</span> <span class='ocrx_word' id='word_1_172' title='bbox 730 3175 856 3248; x_wconf 87' lang='lat' dir='ltr'>partem</span> 
     </span>
     <span class='ocr_line' id='line_1_28' title="bbox 84 3274 994 3360; baseline -0.004 -20"><span class='ocrx_word' id='word_1_173' title='bbox 84 3277 237 3360; x_wconf 87' lang='lat' dir='ltr'>exiguam</span> <span class='ocrx_word' id='word_1_174' title='bbox 256 3286 288 3339; x_wconf 90' lang='lat' dir='ltr'>et</span> <span class='ocrx_word' id='word_1_175' title='bbox 306 3277 455 3340; x_wconf 90' lang='lat' dir='ltr'>modicae</span> <span class='ocrx_word' id='word_1_176' title='bbox 472 3285 637 3358; x_wconf 90' lang='lat' dir='ltr'>sumptam</span> <span class='ocrx_word' id='word_1_177' title='bbox 657 3276 698 3337; x_wconf 92' lang='lat' dir='ltr'>de</span> <span class='ocrx_word' id='word_1_178' title='bbox 715 3274 865 3356; x_wconf 87' lang='lat' dir='ltr'>margine</span> <span class='ocrx_word' id='word_1_179' title='bbox 883 3294 994 3348; x_wconf 91' lang='lat' dir='ltr'>cenae,</span> 
     </span>
     <span class='ocr_line' id='line_1_29' title="bbox 84 3381 818 3469; baseline -0.007 -20"><span class='ocrx_word' id='word_1_180' title='bbox 84 3406 270 3469; x_wconf 90' lang='lat' dir='ltr'>purpureus</span> <span class='ocrx_word' id='word_1_181' title='bbox 288 3385 400 3466; x_wconf 87' lang='lat' dir='ltr'>magni</span> <span class='ocrx_word' id='word_1_182' title='bbox 417 3384 556 3447; x_wconf 88' lang='lat' dir='ltr'>ructarit</span> <span class='ocrx_word' id='word_1_183' title='bbox 574 3403 688 3448; x_wconf 90' lang='lat' dir='ltr'>scurra</span> <span class='ocrx_word' id='word_1_184' title='bbox 705 3381 818 3457; x_wconf 91' lang='lat' dir='ltr'>Palati,</span> 
     </span>
    </p>

    <p class='ocr_par' dir='ltr' id='par_1_8' title="bbox 85 3490 954 3682">
     <span class='ocr_line' id='line_1_30' title="bbox 85 3490 954 3577; baseline -0.005 -19"><span class='ocrx_word' id='word_1_185' title='bbox 85 3495 149 3558; x_wconf 92' lang='lat' dir='ltr'>iam</span> <span class='ocrx_word' id='word_1_186' title='bbox 167 3495 322 3577; x_wconf 91' lang='lat' dir='ltr'>princeps</span> <span class='ocrx_word' id='word_1_187' title='bbox 339 3493 497 3575; x_wconf 90' lang='lat' dir='ltr'>equitum,</span> <span class='ocrx_word' id='word_1_188' title='bbox 517 3513 638 3574; x_wconf 89' lang='lat' dir='ltr'>magna</span> <span class='ocrx_word' id='word_1_189' title='bbox 654 3491 711 3574; x_wconf 93' lang='lat' dir='ltr'>qui</span> <span class='ocrx_word' id='word_1_190' title='bbox 728 3511 809 3555; x_wconf 92' lang='lat' dir='ltr'>voce</span> <span class='ocrx_word' id='word_1_191' title='bbox 826 3490 954 3555; x_wconf 90' lang='lat' dir='ltr'>solebat</span> 
     </span>
     <span class='ocr_line' id='line_1_31' title="bbox 85 3599 899 3682; baseline -0.005 -16"><span class='ocrx_word' id='word_1_192' title='bbox 85 3604 228 3666; x_wconf 87' lang='lat' dir='ltr'>vendere</span> <span class='ocrx_word' id='word_1_193' title='bbox 246 3601 430 3682; x_wconf 93' lang='lat' dir='ltr'>municipes</span> <span class='ocrx_word' id='word_1_194' title='bbox 446 3601 554 3664; x_wconf 89' lang='lat' dir='ltr'>fracta</span> <span class='ocrx_word' id='word_1_195' title='bbox 570 3600 611 3663; x_wconf 90' lang='lat' dir='ltr'>de</span> <span class='ocrx_word' id='word_1_196' title='bbox 628 3620 738 3663; x_wconf 90' lang='lat' dir='ltr'>merce</span> <span class='ocrx_word' id='word_1_197' title='bbox 756 3599 899 3663; x_wconf 88' lang='lat' dir='ltr'>siluros?</span> 
     </span>
    </p>
   </div>
   <div class='ocr_carea' id='block_1_3' title="bbox 0 0 1223 4006">
    <p class='ocr_par' dir='ltr' id='par_1_9' title="bbox 0 0 1223 4006">
     <span class='ocr_line' id='line_1_32' title="bbox 0 0 1223 4006; baseline 0 0"><span class='ocrx_word' id='word_1_198' title='bbox 0 0 1223 4006; x_wconf 95' lang='lat' dir='ltr'> </span> 
     </span>
    </p>
   </div>
  </div>
 </body>
</html>
