2422 4006
104 218 151 269 132
393 221 595 270 IVVENALIS
622 222 770 271 SATVRA
796 223 863 272 XVI

103 390 343 469 exspectandus
361 388 421 452 erit
439 389 495 470 qui
511 388 586 452 lites
603 388 733 453 incohet
752 411 857 454 annus

102 495 205 559 totius
221 495 340 577 populi.
391 497 448 560 sed
465 506 546 559 tunc
562 516 692 579 quoque
709 497 797 560 mille
815 499 950 562 ferenda

102 603 217 679 taedia,
236 603 324 667 mille
340 625 466 681 morae;
490 604 614 669 totiens
632 604 787 669 subsellia
803 616 934 670 tantum

103 723 306 788 sternuntur,
324 712 388 775 iam
405 713 547 776 facundo
564 723 708 795 ponente
724 713 872 780 lacernas

103 820 256 884 Caedicio
272 832 305 884 et
325 822 434 884 Fusco
451 820 514 884 iam
531 821 742 885 micturiente
759 823 863 904 parati

101 928 308 1011 digredimur,
327 929 482 1011 lentaque
497 930 560 993 fori
575 952 760 1012 pugnamus
777 932 905 996 harena.

101 1047 151 1099 ast
170 1035 231 1100 illis
248 1058 330 1119 quos
346 1058 437 1101 arma
452 1047 570 1120 tegunt
588 1049 620 1101 et
639 1039 768 1102 balteus
784 1039 894 1114 ambit,

102 1145 189 1225 quod
205 1145 360 1226 placitum
378 1155 428 1209 est
446 1145 525 1227 ipsis
541 1157 727 1227 praestatur
743 1157 876 1228 tempus
892 1148 1021 1230 agendi,

101 1273 163 1316 nec
180 1273 232 1316 res
249 1253 403 1316 atteritur
418 1253 518 1336 longo
534 1254 719 1318 sufflamine
735 1255 809 1318 litis.

149 1361 234 1424 Solis
251 1372 421 1443 praeterea
436 1363 581 1425 testandi
597 1362 756 1426 militibus
773 1363 823 1426 ius

100 1469 176 1532 vivo
191 1480 286 1551 patre
301 1471 405 1533 datur.
455 1492 530 1533 nam
548 1492 631 1552 quae
648 1481 725 1534 sunt
743 1482 836 1552 parta
851 1471 962 1535 labore

101 1577 243 1653 militiae,
262 1578 383 1659 placuit
400 1599 466 1641 non
484 1565 557 1641 esse
574 1578 606 1641 in
624 1600 759 1661 corpore
777 1600 895 1643 census

101 1707 198 1749 omne
214 1697 305 1749 tenet
324 1685 416 1749 cuius
433 1686 580 1768 regimen
596 1698 697 1769 pater.
748 1709 827 1770 ergo
843 1689 1009 1752 Coranum

101 1794 268 1878 signorum
287 1794 440 1857 comitem
458 1805 706 1877 castrorumque
722 1816 797 1859 aera
814 1807 994 1860 merentem
1120 1825 1150 1876 55

100 1903 248 1985 quamvis
265 1902 328 1965 iam
345 1903 506 1966 tremulus
523 1914 631 1984 captat
649 1915 743 1985 pater
752 1925 759 1980 ;
784 1905 872 1968 hunc
888 1905 980 1967 favor
996 1927 1127 1987 aequus

99 2011 250 2092 provehit
268 2023 299 2074 et
317 2012 454 2092 pulchro
471 2011 576 2075 reddit
594 2033 652 2076 sua
668 2014 753 2076 dona
769 2013 879 2076 labori.

100 2119 200 2202 ipsius
217 2131 308 2183 certe
323 2119 416 2182 ducis
432 2122 494 2183 hoc
511 2121 634 2184 referre
649 2121 779 2184 videtur

100 2238 135 2289 ut
153 2227 208 2308 qui
225 2227 319 2290 fortis
337 2228 406 2302 erit,
427 2228 467 2291 sit
485 2229 693 2292 felicissimus
711 2229 804 2303 idem,

100 2346 135 2398 ut
153 2336 229 2399 laeti
246 2336 388 2417 phaleris
406 2358 520 2400 omnes
537 2347 569 2399 et
587 2337 768 2419 torquibus,
788 2359 902 2401 omnes
1115 2351 1149 2399 60

568 2531 586 2566 {lt
656 2531 674 2566 {lt

612 2577 629 2612 le
