2422 4006
494 279 640 328 SATVRA
666 280 732 327 XIV

90 448 304 525 vulneribus;
330 468 458 512 merces
476 448 558 511 haec
576 448 749 530 sanguinis
766 458 867 532 atque
883 448 1006 512 laboris

87 556 189 620 nullis
205 557 277 620 visa
293 577 449 640 umquam
467 556 595 619 meritis
612 556 721 619 minor
736 566 794 620 aut
812 556 963 639 ingratae
1088 573 1134 638 1⁶5

85 675 184 729 curta
200 666 283 729 fides
299 665 448 746 patriae;
473 665 646 728 saturabat
664 665 818 747 glaebula
833 665 910 729 talis

84 768 217 856 patrem
236 773 343 856 ipsum
361 775 562 856 turbamque
579 794 685 848 casae,
703 794 769 856 qua
784 774 856 838 feta
871 774 1001 839 iacebat

84 904 172 946 uxor
188 891 221 946 et
239 882 386 946 infantes
402 882 563 946 ludebant
580 890 746 965 quattuor,
766 903 852 946 unus

84 991 236 1066 vernula,
255 1001 326 1055 tres
341 990 488 1068 domini;
512 992 572 1054 sed
589 990 721 1073 magnis
737 990 897 1055 fratribus
915 992 1031 1055 horum

85 1121 107 1163 a
123 1101 243 1163 scrobe
260 1099 312 1162 vel
330 1100 423 1163 sulco
440 1100 658 1163 redeuntibus
674 1099 779 1163 altera
795 1119 879 1163 cena
1089 1129 1136 1178 170

86 1207 228 1289 amplior
244 1217 277 1270 et
294 1208 438 1289 grandes
455 1207 629 1271 fumabant
645 1207 796 1288 pultibus
813 1207 917 1272 ollae:

88 1337 179 1380 nunc
195 1316 314 1379 modus
331 1315 386 1379 hic
402 1315 473 1397 agri
490 1324 607 1378 nostro
625 1336 692 1378 non
710 1316 832 1379 sufficit
850 1288 965 1381 hort0.¹

89 1424 167 1487 inde
183 1425 255 1487 fere
272 1423 435 1488 scelerum
454 1444 583 1498 causae,
601 1444 665 1487 nec
680 1423 776 1505 plura
791 1445 921 1488 venena

90 1533 223 1596 miscuit
239 1540 298 1595 aut
314 1532 403 1596 ferro
420 1542 593 1614 grassatur
610 1533 742 1612 saepius
760 1532 863 1596 ullum

90 1642 255 1704 humanae
272 1640 394 1703 mentis
411 1641 530 1703 vitium
548 1660 648 1722 quam
665 1661 765 1704 saeva
781 1641 902 1723 cupido

91 1749 250 1812 inmodici
266 1769 398 1812 census.
447 1769 523 1811 nam
541 1748 634 1811 dives
652 1749 708 1830 qui
725 1749 797 1811 fieri
813 1750 894 1825 vult,

91 1868 124 1921 et
142 1857 210 1921 cito
226 1857 297 1919 vult
314 1857 405 1933 fieri;
431 1857 490 1919 sed
507 1876 593 1939 quae
610 1857 797 1920 reverentia
814 1857 935 1940 legum,

90 1966 163 2047 quis
180 1974 290 2028 metus
308 1974 365 2028 aut
381 1966 488 2046 pudor
505 1974 556 2028 est
575 1985 732 2047 umquam
750 1967 960 2048 properantis
977 1968 1088 2031 avari?

93 2074 212 2137 ‘vivite
230 2073 382 2138 contenti
399 2073 520 2136 casulis
538 2082 572 2140 et
590 2073 731 2137 collibus
749 2074 833 2150 istis,

91 2181 240 2264 opueri'
261 2182 393 2244 Marsus
411 2181 543 2245 dicebat
561 2192 595 2245 et
615 2183 785 2246 Hernicus
802 2184 880 2247 olim
1091 2199 1137 2248 180

91 2290 319 2371 Vestinusque
336 2309 449 2364 senerr,
472 2303 609 2371 ‘panem
628 2311 827 2373 quaeramus
844 2303 963 2368 aratr0,

91 2399 145 2480 qui
162 2397 246 2462 satis
264 2406 315 2461 est
333 2397 480 2475 mensis;
504 2398 642 2462 laudant
660 2400 724 2462 hoc
741 2401 880 2464 numina
896 2401 991 2476 ruris,

91 2527 229 2588 quorum
247 2527 310 2588 ope
327 2516 360 2569 et
377 2506 498 2569 auxilio
515 2516 630 2588 gratae
646 2517 722 2588 post
740 2528 860 2571 munus
877 2510 999 2572 aristae

91 2615 291 2697 contingunt
308 2615 437 2678 homini
453 2615 577 2678 veteris
593 2615 730 2678 fastidia
745 2636 896 2698 quercus.
1041 2700 1044 2707 ,

91 2723 137 2787 nil
153 2724 294 2787 vetitum
311 2723 435 2787 fecisse
451 2724 540 2786 volet
558 2744 657 2805 quem
675 2744 743 2786 non
761 2725 864 2805 pudet
881 2726 949 2787 alto
1091 2743 1137 2808 185

91 2853 149 2914 per
166 2831 306 2915 glaciem
324 2852 449 2913 perone
466 2832 545 2914 tegi,
566 2833 621 2914 qui
638 2842 826 2896 summovet
844 2834 953 2897 Euros

90 2940 233 3023 pellibus
250 2939 413 3004 inversis:
437 2941 614 3022 peregrina
631 2941 814 3023 ignotaque
831 2943 927 3005 nobis

90 3050 130 3113 ad
147 3049 259 3113 scelus
275 3059 376 3132 atque
392 3048 498 3124 nefas,
517 3069 746 3132 quaecumque
764 3058 824 3126 est,
843 3071 990 3132 purpura
1007 3050 1119 3114 ducit'

90 3159 173 3222 haec
190 3157 238 3221 illi
253 3168 385 3222 veteres
402 3167 580 3240 praecepta
597 3158 791 3234 minoribus,
810 3167 843 3221 at
861 3180 950 3222 nunc

90 3276 166 3350 post
184 3267 284 3330 finem
302 3267 454 3330 autumni
471 3265 582 3329 media
598 3267 640 3329 de
657 3277 756 3330 nocte
774 3267 932 3349 supinum
1089 3298 1137 3348 190
1177 3284 1182 3300 ·

91 3376 258 3439 clamosus
274 3375 428 3439 iuvenem
445 3384 542 3457 pater
559 3375 703 3439 excitat:
731 3376 863 3457 ‘accipe
880 3397 982 3452 ceras,

92 3484 209 3560 scribe,
229 3505 319 3566 puer,
338 3484 448 3566 vigila,
467 3504 586 3548 causas
603 3504 673 3566 age,
693 3484 827 3567 perlege
845 3485 961 3548 rubras

92 3593 254 3661 maiorum
270 3592 373 3675 leges.
422 3601 481 3657 aut
497 3592 600 3656 vitem
618 3613 719 3675 posce
735 3592 857 3668 libello,
