2422 4006
82 277 115 327 60
504 275 708 323 IVVENALlS

83 446 145 508 scit
163 446 242 508 dare
259 444 397 507 libertos
414 453 562 506 extrema
578 443 612 505 in
630 451 724 525 parte
741 444 889 508 sedentis

82 552 208 617 ordinis
226 561 260 615 et
278 571 417 634 magnas
434 551 595 615 comitum
612 551 788 633 disponere
804 571 925 616 voces:

82 681 181 724 nemo
198 660 291 724 dabit
309 680 425 742 regum
443 660 561 742 quanti
577 659 737 723 subsellia
752 669 910 724 constant
1090 679 1116 732 45

82 779 116 832 et
134 789 219 852 quae
236 769 403 832 conducto
420 769 568 851 pendent
585 768 772 831 anabathra
786 768 895 851 tigillo

82 898 234 960 quaeque
251 877 461 958 reportandis
479 877 588 958 posita
604 886 656 940 est
673 876 846 940 orchestra
862 876 1041 941 cathedris.

82 1006 143 1049 nos
160 996 274 1049 tamen
291 986 355 1049 hoc
371 985 501 1068 agimus
518 985 679 1067 tenuique
696 985 729 1048 in
747 985 885 1067 pulvere
902 984 1022 1048 sulcos

81 1094 234 1158 ducimus
251 1104 285 1158 et
302 1094 382 1157 litus
399 1094 505 1157 sterili
521 1113 693 1183 versamus
710 1103 828 1156 aratro.
928 1125 929 1128 ¹

81 1223 158 1266 nam
175 1202 203 1265 si
220 1203 379 1277 discedas,
398 1201 516 1284 laqueo
533 1211 627 1264 tenet
643 1200 811 1264 ambitiosi

82 1311 289 1374 consuetudo
306 1309 403 1388 mali;
427 1319 521 1373 tenet
539 1309 725 1373 insanabile
741 1308 865 1372 multos

82 1419 250 1483 scribendi
267 1420 444 1483 cacoethes
461 1427 495 1481 et
512 1438 612 1501 aegro
629 1418 663 1480 in
681 1418 780 1482 corde
797 1418 953 1481 senescit.

82 1529 142 1590 sed
157 1536 267 1590 vatem
286 1526 467 1609 egregium,
486 1526 540 1590 cui
557 1547 624 1588 non
642 1527 683 1588 sit
701 1526 834 1608 publica
848 1545 943 1600 vena,

81 1635 138 1718 qui
154 1635 201 1698 nil
219 1636 407 1717 expositum
424 1635 528 1697 soleat
546 1635 711 1698 deducere
727 1654 789 1698 nec
806 1634 862 1716 qui

82 1744 251 1808 communi
266 1744 366 1807 feriat
382 1763 515 1807 carmen
533 1742 662 1805 triviale
678 1752 821 1817 moneta,
1094 1759 1118 1812 ss

82 1854 181 1928 hunc,
199 1853 330 1934 qualem
347 1872 477 1934 nequeo
494 1861 680 1914 monstrare
697 1860 730 1914 et
748 1850 858 1914 sentio
874 1860 1017 1925 tantum,

82 1961 252 2023 anxietate
268 1980 385 2024 carens
401 1960 533 2023 animus
550 1959 641 2032 iacit,
660 1958 769 2022 omnis
786 1958 897 2022 acerbi

82 2069 271 2151 impatiens,
291 2069 431 2150 cupidus
448 2068 604 2131 silvarum
621 2077 786 2149 aptusque
802 2067 957 2130 bibendis

81 2178 234 2241 fontibus
250 2177 430 2240 Aonidum.
457 2158 483 2256 s
480 2196 589 2259 neque
606 2176 695 2239 enim
714 2185 848 2239 cantare
865 2176 928 2239 sub
944 2183 1041 2239 antro

83 2286 190 2349 Pierio
207 2283 427 2371 thyrsumq‘ue
443 2294 556 2367 potest
573 2285 769 2367 contingere
786 2293 915 2347 maesta
1092 2287 1120 2336 60

82 2404 260 2476 paupertas
277 2404 377 2476 atque
393 2393 479 2456 aeris
497 2392 602 2474 inops,
622 2413 687 2475 quo
707 2402 807 2456 nocte
823 2392 944 2474 dieque

82 2522 202 2584 corpus
220 2512 316 2585 eget:
341 2512 433 2565 satur
450 2511 501 2565 est
519 2522 593 2565 cum
611 2501 691 2564 dicit
710 2501 873 2564 Horatius
892 2499 1039 2563 ‘euhoe’

82 2610 155 2693 quis
172 2611 265 2675 locus
283 2611 427 2693 ingenio,
446 2610 511 2673 nisi
528 2631 604 2674 cum
621 2630 658 2672 se
675 2609 821 2673 carmine
839 2608 909 2672 solo

81 2729 203 2783 vexant
221 2729 255 2782 et
272 2719 417 2783 dominis
436 2719 573 2783 Cirrhae
592 2719 772 2803 Nysaeque
788 2718 944 2781 feruntur

82 2838 218 2910 pectora
233 2838 345 2891 vestra
361 2830 443 2892 duas
461 2848 527 2890 non
545 2826 757 2890 admittentia
773 2826 893 2891 curas?
1092 2831 1121 2896 65

83 2957 223 3019 magnae
239 2936 363 2999 mentis
380 2957 464 3017 opus
482 2956 543 2999 nec
560 2936 602 3019 de
618 2935 727 2999 lodice
743 2935 889 3017 paranda

81 3045 254 3120 attonitae,
274 3065 390 3108 currus
407 3055 440 3107 et
458 3065 561 3126 equos
578 3044 751 3126 faciesque
767 3045 904 3107 deorum

81 3155 230 3236 aspicere
247 3164 280 3217 et
298 3155 405 3237 qualis
423 3154 587 3218 Rutulum
605 3153 789 3217 confundat
808 3151 941 3236 Erinys.

83 3284 158 3326 nam
177 3262 205 3326 si
221 3263 372 3347 Vergilio
390 3284 472 3346 puer
488 3274 531 3350 et
539 3263 712 3326 tolerabile
728 3262 843 3325 desset

81 3372 272 3454 hospitium,
291 3373 449 3436 caderent
466 3392 583 3436 omnes
601 3392 620 3434 a
638 3371 786 3435 crinibus
803 3369 910 3454 hydri,
1095 3387 1125 3436 70

82 3480 181 3544 surda
197 3479 280 3542 nihil
297 3492 448 3563 gemeret
465 3501 566 3563 grave
585 3479 727 3544 bucina:
751 3478 920 3561 poscimus
937 3485 975 3540 ut
992 3477 1035 3539 sit

82 3609 148 3651 non
165 3589 273 3651 minor
289 3589 428 3671 antiquo
446 3589 627 3652 Rubrenus
647 3588 762 3668 Lappa
779 3586 953 3660 cothurno,
