2422 4006
504 294 649 341 SATVRA
675 294 713 340 VI

86 464 222 527 advocat
242 463 457 544 Archigenen
477 481 684 545 onerosaque
701 460 802 543 pallia
818 463 929 525 iactat.

84 572 217 635 abditus
235 571 364 634 interea
379 570 462 633 latet
480 579 513 632 et
531 579 682 633 secretus
699 568 838 645 adulter,

83 679 316 762 inpatiensque
332 699 444 742 morae
461 677 537 742 silet
556 688 589 741 et
607 679 781 760 praeputia
797 679 899 743 ducit.

83 789 209 852 scilicet
228 790 404 869 exspectas
421 798 458 851 ut
476 788 585 850 tradat
603 796 712 850 mater
728 787 889 851 honestos

81 906 182 979 atque
200 896 282 959 alios
300 916 409 959 mores
427 917 526 977 quam
543 915 626 979 quos
644 895 773 958 habet?
806 895 887 959 utile
904 916 1001 978 porro

81 1004 217 1067 filiolam
235 1005 324 1086 turpi
341 991 473 1067 vetulae
491 1005 675 1086 producere
692 1012 836 1086 turpem.

127 1112 231 1176 Nulla
247 1113 318 1175 fere
336 1134 435 1176 causa
452 1122 503 1176 est
521 1113 555 1174 in
573 1133 639 1195 qua
655 1133 723 1175 non
740 1112 867 1175 femina
883 1112 976 1175 litem

81 1221 233 1284 moverit.
283 1231 416 1285 accusat
435 1221 584 1294 Manilia,
604 1221 632 1283 si
648 1241 705 1284 rea
722 1242 789 1284 non
807 1230 868 1284 est.

81 1339 277 1411 conponunt
296 1329 387 1410 ipsae
404 1349 464 1411 per
480 1349 516 1392 se
533 1329 747 1411 formantque
764 1328 905 1404 libellos,

81 1437 283 1519 principium
300 1446 401 1520 atque
417 1436 509 1500 locos
528 1436 628 1500 Celso
647 1437 773 1500 dictare
791 1446 936 1519 paratae.

127 1546 352 1609 Endromidas
369 1546 487 1630 Tyrias
505 1555 538 1608 et
555 1546 739 1608 femineum
756 1565 890 1618 ceroma
902 1597 914 1638 ¹.

82 1654 156 1736 quis
174 1654 292 1729 nescit,
311 1655 365 1717 vel
382 1655 456 1736 quis
474 1674 542 1717 non
559 1654 643 1717 vidit
660 1654 798 1717 vulnera
815 1655 905 1735 pali?

81 1783 179 1844 quem
198 1771 293 1826 cavat
310 1762 457 1826 adsiduis
476 1763 614 1827 sudibus
631 1772 794 1845 scutoque
811 1762 946 1826 lacessit

82 1880 182 1953 atque
199 1891 316 1934 omnes
334 1872 449 1952 implet
468 1891 625 1935 numeros
644 1871 842 1954 dignissima
859 1892 994 1953 prorsus

83 1979 205 2042 Florali
223 1989 375 2043 matrona
392 1980 482 2054 tuba,
503 1980 566 2042 nisi
584 1980 708 2062 siquid
727 1980 759 2042 in
779 1979 834 2042 illo

81 2097 217 2168 pectore
235 2087 310 2169 plus
326 2088 431 2170 agitat
448 2108 614 2170 veraeque
631 2098 766 2170 paratur
783 2088 935 2153 harenae.

81 2216 180 2277 quem
198 2206 368 2277 praestare
385 2206 497 2277 potest
515 2197 633 2260 mulier
649 2197 780 2279 galeata
797 2198 966 2278 pudorem,

82 2323 166 2384 quae
182 2303 302 2386 fugita
319 2325 408 2378 sexu,
428 2305 515 2368 vires
533 2306 646 2368 amat?
680 2305 762 2368 haec
781 2314 894 2368 tamen
912 2305 983 2387 ipsa

82 2411 132 2473 vir
148 2412 253 2475 nollet
270 2413 351 2488 fieri,
370 2434 447 2475 nam
465 2413 626 2494 quantula
642 2423 758 2476 nostra
774 2413 928 2495 voluptas
947 2417 952 2478 !

81 2520 178 2601 quale
196 2522 308 2596 decus,
328 2541 439 2584 rerum
457 2521 485 2584 si
503 2521 655 2603 coniugis
672 2522 783 2584 auctio
802 2522 869 2597 fiat,

81 2628 212 2692 balteus
231 2639 264 2692 et
281 2630 429 2692 manicae
447 2639 480 2691 et
499 2630 620 2692 cristae
637 2630 808 2712 crurisque
826 2631 953 2693 sinistri

81 2737 254 2799 dimidium
271 2738 430 2818 tegimen,
449 2721 501 2799 vel
519 2738 548 2799 si
565 2738 697 2801 diversa
714 2738 861 2800 movebit

81 2845 216 2924 proelia,
235 2855 272 2907 tu
289 2845 370 2908 felix
388 2865 502 2909 ocreas
520 2848 689 2909 vendente
706 2846 825 2927 puella.

80 2953 143 3015 hae
161 2962 238 3016 sunt
256 2974 341 3035 quae
358 2954 453 3016 tenui
470 2956 592 3017 sudant
611 2955 644 3016 in
662 2955 808 3037 cyclade,
828 2975 965 3036 quarum

80 3060 216 3124 delicias
233 3072 265 3123 et
285 3062 481 3142 panniculus
499 3063 720 3146 bombycinus
739 3063 829 3125 urit?

80 3169 192 3251 aspice
209 3191 273 3251 quo
291 3171 428 3233 fremitu
445 3181 649 3234 monstratos
666 3171 813 3253 perferat
831 3172 917 3234 ictus

79 3287 113 3339 et
130 3288 256 3361 quanto
274 3279 389 3360 galeae
406 3290 561 3342 curvetur
578 3280 735 3361 pondere,
755 3289 880 3361 quanta
961 3314 963 3318 ·

79 3386 263 3468 poplitibus
281 3389 395 3451 sedeat
413 3409 512 3469 quam
529 3388 634 3451 denso
651 3388 755 3451 fascia
772 3388 865 3462 libr0,

79 3503 113 3556 et
130 3494 201 3557 ride
218 3495 337 3576 positis
355 3496 528 3577 scaphium
547 3517 623 3558 cum
641 3496 784 3558 sumitur
800 3495 909 3558 armis

78 3602 181 3666 dicite
197 3624 257 3666 vos
275 3615 394 3685 neptes
414 3605 531 3686 Lepidi
549 3604 681 3667 caecive
700 3603 830 3666 Metelli
