2422 4006
98 290 115 338 4
258 294 259 297 ’
335 253 336 256 ¹
522 293 725 341 IVVENALIS

100 456 129 520 si
145 467 264 521 natura
281 469 393 542 negat,
412 457 492 522 facit
510 459 696 542 indignatio
714 480 846 523 versum

80 565 375 666 k„qualemcumque
391 573 513 648 potest,
533 567 648 649 quales
665 587 727 650 ego
744 568 797 630 vel
816 568 1007 631 Cluvienus.
1112 579 1144 628 80

148 674 198 736 Ex
215 694 281 756 quo
299 674 485 738 Deucalion
504 675 626 738 nimbis
643 675 841 738 tollentibus
859 697 983 758 aequor

100 781 232 864 navigio
250 793 399 846 montem
418 785 570 847 ascendit
588 794 766 866 sortesque
783 785 936 866 poposcit

100 889 327 973 paulatimque
344 892 455 955 anima
471 892 644 956 caluerunt
663 893 774 956 mollia
791 913 870 956 saxa

100 1007 134 1062 et
147 999 294 1063 maribus
313 1001 418 1064 nudas
435 1001 582 1064 ostendit
602 990 879 1086 Pyrrha'puellas,

99 1108 259 1190 quidquid
275 1117 379 1191 agunt
397 1108 560 1184 homines,
579 1119 694 1172 votum
712 1110 812 1172 timor
829 1110 877 1172 ira
893 1111 1047 1192 voluptas
1111 1120 1144 1185 85

100 1216 220 1299 gaudia
236 1217 416 1292 discursus,
437 1218 543 1280 nostri
559 1217 691 1299 farrago
709 1218 811 1282 libelli
829 1228 889 1281 est.

100 1333 133 1388 et
151 1325 283 1407 quando
300 1325 433 1388 uberior
449 1325 606 1388 vitiorum
624 1327 745 1407 copia?
782 1327 914 1408 quando

100 1433 206 1496 maior
221 1433 380 1496 avaritiae
396 1433 504 1514 patuit
523 1434 641 1496 sinus?
679 1434 751 1497 alea
767 1435 899 1515 quando

100 1541 162 1604 hos
182 1541 335 1604 animos?
369 1542 583 1624 nequeenim
601 1540 718 1605 loculis
736 1541 975 1607 comitantibus
993 1544 1060 1607 itur

100 1650 141 1712 ad
158 1636 277 1712 casum
290 1631 434 1726 tabulae,
453 1650 564 1732 posita
581 1650 640 1713 sed
657 1650 784 1713 luditur
800 1670 885 1714 arca.
956 1703 958 1708 .
1111 1675 1144 1723 90

100 1757 226 1840 proelia
242 1768 367 1840 quanta
384 1758 449 1822 illic
466 1759 698 1840 dispensatore
713 1759 842 1821 videbis

100 1866 272 1950 armigero.
324 1867 508 1949 simplexne
525 1866 618 1929 furor
634 1867 789 1930 sestertia
808 1878 944 1930 centum

100 1976 239 2056 perdere
256 1985 289 2038 et
306 1975 459 2038 horrenti
476 1975 625 2038 tunicam
643 1995 710 2038 non
728 1975 867 2038 reddere
885 1977 1005 2038 servo?

100 2083 175 2167 quis
192 2083 333 2146 totidem
351 2083 455 2147 erexit
473 2083 577 2159 villas,
596 2083 671 2166 quis
688 2083 815 2146 fercula
833 2093 962 2165 septem

101 2202 231 2256 secreto
249 2192 380 2256 cenavit
398 2193 505 2256 avus?
538 2212 628 2256 nunc
646 2192 795 2274 sportula
811 2193 918 2273 primo
1112 2213 1143 2262 95

100 2301 215 2364 limine
232 2321 333 2382 parva
349 2301 444 2364 sedet
462 2302 582 2365 turbae
598 2300 757 2382 rapienda
773 2309 917 2382 togatae.

100 2409 157 2472 ille
172 2417 284 2472 tamen
303 2408 424 2472 faciem
442 2409 533 2491 prius
552 2408 686 2499 inspicit
704 2415 737 2469 et
755 2407 900 2488 trepidat
918 2429 961 2470 ne

101 2518 294 2600 suppositus
311 2517 426 2581 venias
442 2538 480 2581 ac
497 2516 582 2580 falso
600 2516 735 2579 nomine
752 2536 879 2598 poscas.

100 2626 235 2710 agnitus
251 2626 403 2708 accipies.
454 2626 545 2689 iubet
562 2647 582 2688 a
599 2645 763 2707 praecone
780 2625 891 2688 vocari

100 2735 191 2817 ipsos
209 2734 429 2817 Troiugenas,
448 2754 525 2797 nam
542 2743 664 2798 vexant
681 2733 783 2796 limen
802 2732 836 2795 et
854 2733 917 2814 ipsi
1098 2754 1145 2788 100

100 2843 285 2907 nobiscum.
337 2843 398 2906 ‘da
413 2842 568 2924 praetori,
588 2843 630 2905 da
646 2841 767 2904 deinde
783 2839 939 2904 tribuno'

101 2952 160 3013 sed
177 2950 355 3014 libertinus
373 2951 461 3032 prior
478 2960 537 3013 est.
589 2948 715 3031 &prior’
734 2949 842 3031 inquit
861 2961 944 3030 ‘ego
961 2949 1087 3012 adsum.
1119 3006 1123 3013 .

101 3080 161 3122 cur
176 3059 312 3122 timeam
330 3058 524 3123 dubitemve
541 3059 650 3121 locum
669 3058 859 3133 defendere,
879 3057 1030 3140 quamvis

101 3176 200 3231 natus
217 3167 258 3230 ad
276 3167 482 3248 Euphraten,
501 3166 618 3229 molles
634 3167 723 3249 quod
740 3166 772 3228 in
791 3185 869 3229 aure
886 3165 1054 3228 fenestrae

101 3276 281 3358 arguerint,
300 3275 377 3338 licet
396 3275 468 3356 ipse
485 3274 629 3357 negem?
663 3275 722 3364 sed
739 3274 886 3356 quinque
903 3274 1061 3337 tabernae
1101 3293 1145 3344 105

101 3384 346 3472 quadringenta
363 3372 491 3465 parant.
540 3384 618 3465 quid
635 3382 767 3446 confert
784 3402 930 3464 purpura
947 3381 1051 3444 maior

101 3494 293 3576 optandum,
313 3492 341 3555 si
360 3490 685 3555 Laurenticustodit
704 3491 737 3553 in
754 3511 834 3572 agro

101 3602 284 3666 conductas
303 3599 469 3664 Corvinus
486 3597 576 3674 oves,
595 3619 657 3681 ego
675 3599 831 3680 possideo
848 3598 922 3680 plus
