2422 4006
99 297 132 347 80
523 299 726 346 IVVENALIS

100 466 222 530 idcirco
239 476 276 529 ut
293 467 402 548 possis
419 466 568 549 linguam
586 475 801 530 contemnere
819 467 916 541 servi,

99 575 277 656 praecipue
293 595 373 637 cave
390 574 436 637 sis
454 584 490 637 ut
507 575 639 657 linguas
658 574 899 656 mancipiorum
1101 597 1142 631 120

99 691 316 746 contemnas:
341 703 417 745 nam
435 683 549 764 lingua
565 683 644 746 mali
660 703 736 764 pars
753 683 900 764 pessima
917 684 1015 747 servi.

99 791 244 875 deterior
260 800 374 853 tamen
392 792 445 854 hic
463 792 520 873 qui
536 790 621 855 liber
638 812 706 853 non
724 791 787 854 erit
805 790 869 854 illis

99 919 239 980 quorum
255 899 383 962 animas
400 908 432 962 et
449 900 538 962 farre
555 920 615 963 suo
633 899 781 962 custodit
800 909 834 962 et
851 919 937 963 aere.

147 1007 258 1070 ‘Vtile
275 1007 450 1071 consilium
469 1009 576 1081 modo,
596 1009 654 1071 sed
672 1028 859 1082 commune,
879 1008 1011 1072 dedisti.

98 1136 188 1178 nunc
199 1115 281 1178 mihi
292 1115 372 1196 quid
382 1117 502 1178 suades
513 1126 588 1198 post
600 1117 758 1179 damnum
769 1116 930 1197 temporis
941 1126 975 1178 et
988 1137 1066 1198 spes
1101 1137 1142 1188 125

99 1225 281 1304 deceptas?
328 1223 468 1286 festinat
487 1224 575 1286 enirn
594 1225 771 1287 decurrere
788 1224 883 1287 velox

98 1331 255 1394 flosculus
273 1341 436 1414 angustae
454 1334 660 1415 miseraeque
677 1333 875 1396 brevissima
891 1333 981 1397 vitae

98 1440 225 1522 portio;
250 1440 327 1503 dum
346 1440 500 1515 bibimus
520 1443 598 1504 dum
616 1451 706 1505 serta
723 1451 897 1524 unguenta
913 1443 1043 1522 puellas

98 1549 276 1630 poscimus,
295 1549 426 1632 obrepit
443 1570 510 1612 non
528 1549 700 1613 intellecta
717 1548 897 1613 senectus’

144 1658 198 1720 Ne
214 1657 353 1739 trepida,
373 1678 554 1740 numquam
572 1658 727 1741 pathicus
744 1658 807 1721 tibi
823 1658 909 1720 derit
927 1659 1057 1723 amicus
1100 1681 1143 1730 130

98 1766 265 1829 stantibus
283 1776 317 1829 et
335 1767 434 1829 salvis
452 1766 504 1829 his
522 1766 673 1830 collibus.
723 1767 871 1849 undique
888 1768 929 1829 ad
947 1766 1023 1831 illos

98 1875 298 1952 convenient
316 1884 349 1936 et
367 1875 534 1956 carpentis
551 1885 585 1937 et
603 1875 743 1938 navibus
761 1895 877 1937 omnes

97 1983 154 2064 qui
171 1983 276 2064 digito
294 1982 446 2064 scalpunt
464 2004 530 2045 uno
548 1993 656 2064 caput.
707 1983 812 2045 altera
829 1982 934 2065 maior

99 2110 176 2172 spes
193 2101 366 2172 superest;
391 2100 428 2153 tu
445 2100 577 2154 tantum
595 2091 704 2154 erucis
722 2091 863 2173 inprime
879 2091 1026 2176 dentem.

147 2200 262 2262 ‘Haec
279 2200 429 2280 exempla
445 2220 524 2280 para
541 2199 706 2262 felicibus.
756 2207 789 2261 at
809 2220 883 2262 mea
900 2198 1024 2262 Clotho
1097 2219 1140 2272 135

99 2317 132 2370 et
152 2307 313 2370 Lachesis
329 2308 462 2389 gaudet,
482 2308 510 2370 si
527 2308 675 2388 pascitur
691 2307 830 2389 inguine
847 2318 974 2371 venter.

99 2436 118 2477 o
135 2415 228 2497 parvi
244 2416 417 2498 nostrique
435 2416 549 2489 Lares
568 2435 652 2497 quos
669 2424 744 2477 ture
761 2415 891 2477 minuto

98 2534 155 2587 aut
171 2524 261 2586 farre
277 2533 310 2586 et
328 2523 422 2586 tenui
440 2524 530 2587 soleo
548 2543 684 2586 exorare
701 2543 832 2598 corona,

98 2632 230 2714 quando
248 2652 310 2714 ego
327 2632 427 2713 figam
445 2631 569 2713 aliquid
586 2651 650 2713 quo
668 2631 711 2693 sit
729 2632 811 2693 mihi
828 2640 902 2694 tuta
919 2640 1077 2694 senectus

98 2749 247 2822 ategete
264 2750 297 2802 et
315 2739 455 2803 baculo?
502 2740 621 2822 viginti
639 2739 729 2801 milia
745 2739 864 2802 faenus
1097 2759 1140 2807 Ι40

98 2849 293 2930 pigneribus
310 2848 438 2930 positis
458 2849 589 2929 argenti
605 2848 740 2910 vascula
756 2848 841 2929 puri,

99 2959 158 3020 sed
175 2979 260 3040 quae
280 2957 452 3020 Fabricius
470 2977 589 3020 censor
605 2966 710 3030 notet,
731 2965 764 3018 et
781 2957 847 3018 duo
863 2955 971 3018 fortes

98 3067 140 3129 de
157 3086 260 3148 grege
278 3067 482 3139 Moesorum,
501 3065 557 3146 qui
574 3085 627 3127 me
646 3064 775 3128 cervice
791 3064 900 3127 locata

99 3195 252 3238 securum
270 3174 406 3237 iubeant
425 3173 570 3236 clamoso
588 3173 744 3235 insistere
762 3171 868 3247 circ0;

99 3283 142 3346 sit
160 3283 242 3346 mihi
259 3292 431 3364 praeterea
448 3302 569 3344 curvus
587 3282 740 3365 caelator,
760 3289 799 3342 et·
811 3280 895 3342 alter
1098 3300 1142 3352 145

99 3392 156 3473 qui
173 3390 295 3453 multas
312 3390 415 3452 iacies
432 3389 540 3470 pingit
559 3389 645 3465 cito;
671 3388 841 3452 sufficiunt
859 3389 951 3453 haec.
975 3442 979 3452 .

98 3501 230 3581 quando
248 3519 311 3580 ego
329 3519 454 3580 pauper
471 3499 552 3560 ero?
600 3507 715 3560 votum
734 3496 932 3571 miserabile,
952 3517 1015 3560 nec
1033 3516 1110 3578 spes

100 3609 151 3670 his
169 3608 308 3684 saltem3
333 3627 409 3668 nam
427 3626 502 3668 cum
520 3626 579 3686 pro
597 3626 650 3668 me
670 3607 820 3668 Fortuna
837 3615 983 3685 rogatur,
