2422 4006
501 292 648 340 SATVRA
673 293 712 340 IX

80 460 258 524 commoda
274 468 448 540 praeterea
465 459 648 541 iungentur
665 459 771 522 multa
787 461 931 537 caducis,

80 568 110 630 si
127 588 314 643 numerum,
334 568 363 630 si
379 577 449 630 tres
466 566 668 649 implevero.¹
718 568 807 631 iusta
824 569 955 645 doloris,
1095 600 1128 649 90

80 676 242 751 Naevole,
261 696 362 740 causa
377 675 447 754 tui;
471 686 588 740 contra
604 685 717 754 tamen
735 677 791 741 illc
807 678 887 760 quid
904 678 1036 742 adfert?

129 784 309 867 ‘Neglegit
323 794 423 867 atque
436 785 537 848 alium
550 785 706 867 bipedem
720 785 784 849 sibi
797 788 927 869 quaerit
940 787 1089 853 asellum.

80 894 163 958 haec
180 893 243 957 soli
260 894 438 957 commissa
455 893 517 957 tibi
534 893 642 957 celare
659 904 838 970 memento,

81 1013 114 1065 et
133 1003 257 1066 tacitus
274 1012 406 1066 nostras
424 1002 562 1065 intrate
579 1003 645 1085 fige
662 1003 834 1085 querellas.

80 1131 158 1173 nam
176 1131 230 1174 res
247 1110 419 1174 mortifera
436 1121 487 1173 est
505 1110 658 1175 inimicus
676 1112 807 1193 pumice
824 1113 927 1190 levis;
1095 1144 1127 1197 95
1187 1122 1189 1126 ”

81 1219 139 1302 qui
156 1220 255 1282 modo
273 1228 440 1282 secretum
458 1219 680 1295 commiserat,
700 1221 793 1282 ardet
811 1232 844 1283 et
862 1222 941 1296 odit,

81 1336 251 1410 tamquam
269 1327 470 1409 prodiderim
488 1327 647 1410 quidquid
661 1328 738 1391 sci0.
789 1350 922 1392 sumere
934 1331 1069 1406 ferrum,

80 1436 174 1498 fuste
191 1436 319 1517 aperire
336 1445 446 1517 caput,
466 1436 638 1499 candelam
655 1438 822 1518 adponere
840 1438 943 1501 valvis

81 1565 149 1607 non
166 1544 305 1608 dubitat.
356 1564 418 1607 nec
436 1553 632 1608 contemnas
649 1556 705 1607 aut
723 1546 887 1627 despicias
905 1549 994 1629 quod

82 1652 134 1715 his
152 1652 272 1734 opibus
288 1673 469 1735 numquam
488 1673 564 1716 cara
580 1663 632 1716 est
649 1674 782 1717 annona
798 1656 928 1719 veneni.
1081 1680 1127 1714 100

81 1780 163 1843 ergo
180 1761 312 1824 occulta
328 1770 435 1843 teges,
453 1771 490 1824 ut
508 1761 601 1825 curia
618 1762 738 1825 Martis
756 1762 923 1826 Athenis’

129 1869 160 1932 O
179 1869 346 1954 Corydon,
366 1869 533 1953 Corydon,
552 1880 720 1933 secretum
738 1871 851 1935 divitis
868 1872 972 1935 ullum

82 1997 158 2040 esse
175 1977 296 2059 putas?
345 1978 433 2040 servi
450 1989 486 2040 ut
504 1987 648 2053 taceant,
668 1978 818 2042 iumenta
834 1980 1013 2062 loquentur

82 2095 116 2148 et
133 2085 227 2149 canis
245 2095 278 2167 et
296 2095 411 2168 postes
429 2096 462 2149 et
480 2108 652 2151 marmora.
703 2087 820 2151 claude
837 2091 1013 2165 fenestras,

80 2193 156 2257 vela
172 2203 289 2276 tegant
307 2195 416 2270 rimas
436 2194 538 2277 iunge
555 2196 649 2270 ostia,
669 2197 777 2260 tollite
794 2198 917 2274 iumen,
1080 2219 1126 2271 105

82 2303 229 2366 emedio
245 2303 299 2366 fac
316 2313 394 2365 eant
411 2323 537 2378 omnes,
556 2325 659 2385 prope
675 2325 774 2368 nemo
792 2308 984 2370 recumbat:

82 2412 171 2494 quod
188 2421 301 2474 tamen
318 2412 360 2473 ad
377 2422 512 2474 cantum
529 2412 608 2494 galli
624 2412 705 2476 facit
723 2413 779 2476 ille
797 2415 945 2490 secundi,

82 2520 251 2602 proximus
269 2528 347 2584 ante
364 2520 452 2583 diem
470 2541 575 2601 caupo
593 2521 686 2595 sciet,
706 2521 818 2584 audiet
836 2531 870 2584 et
887 2542 972 2604 quae

82 2630 249 2691 finxerunt
267 2628 391 2710 pariter
407 2628 543 2691 libarius
561 2629 772 2710 archimagiri

82 2745 263 2817 carptores,
312 2737 400 2818 quod
418 2737 504 2799 enim
522 2737 678 2799 dubitant
695 2755 895 2819 componere
912 2739 1037 2802 crimen
1080 2761 1126 2794 110

82 2844 116 2907 in
133 2844 294 2918 dominos
314 2845 468 2925 quotiens
487 2845 673 2908 rumoribus
692 2846 898 2910 ulciscuntur
1142 2847 1144 2852 ’

83 2952 216 3015 baltea?
264 2972 327 3014 nec
344 2952 431 3014 derit
449 2953 505 3034 qui
522 2962 557 3014 te
573 2974 632 3034 per
649 2954 797 3036 compita
813 2965 950 3036 quaerat

81 3060 254 3124 nolentem
272 3070 305 3122 et
323 3059 478 3123 miseram
496 3061 633 3123 vinosus
651 3061 793 3125 inebriet
811 3083 933 3126 aurem.

81 3168 154 3232 illos
172 3189 252 3251 ergo
270 3189 377 3250 roges,
396 3169 556 3251 quidquid
573 3170 671 3252 paulo
688 3182 767 3233 ante
784 3171 922 3251 petebas

82 3296 102 3339 a
117 3277 225 3352 nobiS,
244 3287 378 3341 taceant
396 3277 451 3342 ilii.
501 3278 560 3341 sed
577 3279 717 3360 prodere
734 3278 862 3341 malunt

82 3406 239 3449 arcanum
257 3407 356 3468 quam
374 3386 524 3468 subrepti
540 3396 657 3468 potare
676 3386 810 3449 Falerni

82 3514 141 3574 pro
159 3494 281 3575 populo
298 3495 426 3558 faciens
443 3505 604 3577 quantum
624 3496 760 3558 Saufeia
776 3497 920 3560 bibebat.

82 3602 260 3665 vivendum
279 3611 448 3678 recteest,
468 3625 542 3666 cum
561 3614 696 3685 propter
714 3605 855 3685 plurima
871 3614 951 3667 tunc
969 3614 1002 3666 et
