2422 4006
80 277 97 326 6
504 275 706 330 lVVENALIS

82 445 192 509 nullus
210 446 274 509 iam
291 449 457 528 parasitus
475 449 546 513 erit.
598 453 656 512 sed
674 452 747 533 quis
764 453 850 515 ferat
869 453 950 516 istas

82 553 229 617 luxuriae
246 556 384 618 sordes?
418 567 543 638 quanta
559 568 610 621 est
628 559 706 640 gula
722 581 806 642 quae
824 561 888 624 sibi
905 570 995 623 totos

82 663 175 744 ponit
193 683 300 745 apros
319 665 440 728 animal
452 674 589 748 propter
605 667 756 730 convivia
773 669 910 731 natum?

82 792 190 854 poena
206 781 318 836 tamen
335 792 504 854 praesens,
523 796 598 837 cum
615 785 652 838 tu
670 776 810 857 deponis
827 777 970 840 amictus

82 881 235 963 turgidus
253 890 286 943 et
299 860 441 945 'crudum
460 902 622 964 pavonem
640 883 674 945 in
691 884 810 947 balnea
826 894 947 966 portas.

82 989 160 1053 hinc
177 989 308 1052 subitae
325 1000 450 1052 mortes
468 998 568 1072 atque
586 991 746 1055 intestata
763 1002 920 1055 senectus

83 1106 117 1160 et
134 1118 219 1161 nova
233 1117 295 1161 nec
312 1098 418 1161 tristis
436 1119 495 1180 per
512 1108 649 1163 cunctas
666 1100 781 1163 fabula
797 1121 915 1177 cenas;

82 1206 215 1270 ducitur
232 1206 324 1269 iratis
342 1207 566 1288 plaudendum
583 1208 686 1271 funus
702 1209 827 1273 amicis.

129 1315 186 1377 Nil
204 1314 266 1377 erit
285 1314 424 1378 ulterius
442 1316 530 1397 quod
547 1317 671 1380 nostris
689 1317 837 1380 moribus
854 1318 952 1380 addat

83 1423 271 1505 posteritas,
292 1425 406 1487 eadem
423 1424 548 1488 facient
567 1425 768 1506 cupientque
786 1425 941 1487 minores.

83 1551 181 1594 omne
198 1531 232 1594 in
243 1532 423 1614 praecipiti
440 1533 557 1596 vitium
576 1532 680 1595 stetit.
729 1520 824 1595 utere
840 1533 933 1607 velis,

83 1650 173 1704 totos
191 1641 299 1722 pande
319 1641 420 1705 sinus.
469 1630 560 1705 dices
578 1641 631 1704 hic
647 1641 788 1703 forsitan
810 1642 915 1703 ‘unde

84 1749 255 1832 ingenium
273 1770 332 1832 par
348 1750 530 1813 materiae?
563 1750 652 1812 unde
670 1749 726 1812 illa
743 1750 888 1831 priorum

84 1858 251 1922 scribendi
267 1858 501 1940 quodcumque
517 1857 628 1920 animo
646 1857 808 1939 flagrante
825 1858 942 1921 liberet

84 1965 312 2052 simplicitas?
348 1966 442 2030 cuius
460 1987 527 2028 non
544 1967 650 2029 audeo
667 1966 778 2030 dicere
795 1966 941 2028 nomen?

84 2076 163 2159 quid
180 2075 292 2151 refert,
311 2075 410 2139 dictis
427 2076 578 2158 ignoscat
597 2075 730 2138 Mucius
746 2094 788 2136 an
808 2074 897 2136 non?

87 2196 190 2266 ‘pone
207 2183 432 2266 Tigellinum:
456 2183 554 2246 taeda
569 2182 697 2246 lucebis
715 2183 748 2245 in
766 2182 830 2256 illa,

84 2314 148 2374 qua
165 2301 294 2355 stantes
311 2292 428 2355 ardent
446 2291 503 2374 qui
520 2292 584 2354 fixo
601 2300 738 2373 pectore
755 2291 896 2363 fumant,

85 2410 119 2464 et
134 2401 237 2464 latum
255 2399 370 2480 media,
382 2400 510 2464 sulcum
528 2399 666 2462 deducis
683 2397 827 2462 harena.'

85 2509 141 2592 qui
158 2509 249 2572 dedit
267 2529 346 2592 ergo
363 2509 471 2572 tribus
489 2508 617 2590 patruis
633 2507 774 2582 aconita,
793 2508 933 2570 vehatur

85 2618 267 2701 pensilibus
285 2617 406 2700 plumis
425 2627 526 2700 atque
543 2617 634 2680 illinc
652 2617 813 2698 despiciat
831 2616 917 2678 nos?

87 2739 178 2791 ‘cum
196 2726 308 2789 veniet
326 2735 452 2801 contra,
472 2726 578 2808 digito
592 2745 768 2806 compesce
786 2724 961 2786 labellum:

85 2845 259 2900 accusator
276 2836 338 2899 erit
355 2835 412 2918 qui
429 2835 565 2898 verbum
584 2834 704 2896 dixerit
724 2845 743 2872 “
754 2833 807 2894 hic
825 2831 907 2894 est.''

48 2943 52 2949 ’
86 2965 224 3008 securus
240 2944 317 3008 licet
336 2944 478 3007 Aenean
492 2943 721 3023 Rutulumque
738 2941 883 3004 ferocem

86 3052 286 3127 committas
306 3052 389 3115 nulli
405 3051 516 3134 gravis
534 3061 585 3114 est
604 3070 783 3133 percussus
801 3048 951 3113 Achilles

85 3171 141 3226 aut
159 3161 300 3224 multum
318 3160 490 3242 quaesitus
510 3159 617 3244 Hylas
635 3177 819 3240 urnamque
835 3166 991 3220 secutus:

86 3291 167 3333 ense
183 3269 274 3333 velut
294 3269 410 3332 stricto
427 3268 581 3350 quotiens
601 3266 750 3330 Lucilius
767 3266 887 3328 ardens

86 3378 268 3453 infremuit,
288 3378 384 3440 rubet
402 3376 534 3439 auditor
551 3375 605 3438 cui
621 3375 743 3457 frigida
759 3393 854 3436 mens
867 3382 919 3436 est
1004 3430 1007 3436 .

87 3485 290 3561 criminibus,
309 3485 411 3550 tacita
428 3485 549 3548 sudant
567 3483 761 3565 praecordia
777 3481 883 3563 culpa.

86 3595 164 3657 inde
182 3594 249 3656 irae
267 3602 300 3656 et
318 3593 482 3657 lacrimae.
532 3601 643 3655 tecum
662 3590 753 3671 prius
772 3609 851 3672 ergo
869 3588 981 3650 voluta
