2422 4006
85 255 118 305 34
510 250 714 303 IVVENALIS

132 423 267 487 Vilibus
284 423 448 505 ancipites
464 422 563 505 iungi
579 431 749 504 ponentur
765 423 890 498 amicis,

85 531 218 595 boletus
236 531 382 606 domin0‚
401 531 460 594 sed
477 530 593 612 quales
612 530 773 594 Claudius
790 531 858 594 edit

85 650 164 702 ante
182 640 273 702 illum
291 638 413 713 uxoris,
429 647 505 720 post
523 658 621 720 quem
640 637 724 700 nihil
741 639 884 721 amplius
900 641 978 704 edit.

132 748 229 811 Virro
247 748 311 810 sibi
329 757 361 809 et
380 746 515 828 reliquis
532 747 735 810 Virronibus
752 747 809 810 illa
826 748 954 812 iubebit

86 877 184 938 poma
200 856 281 931 dari,
301 876 442 938 quorum
461 855 533 933 solo
550 855 697 937 pascaris
715 856 826 931 odore,

86 964 195 1046 qualia
212 973 394 1046 perpetuus
410 963 595 1027 Phaeacum
613 973 796 1027 autumnus
812 964 967 1041 habebat,

86 1074 220 1136 credere
236 1093 322 1154 quae
338 1073 446 1154 possis
465 1073 625 1153 subrepta
642 1072 813 1136 sororibus
829 1073 944 1137 Afris:

86 1190 121 1243 tu
140 1181 252 1244 scabie
269 1181 390 1242 frueris
408 1180 495 1254 mali,
514 1181 602 1262 quod
621 1181 654 1243 in
672 1201 794 1263 aggere
811 1182 899 1244 rodit

85 1289 142 1371 qui
158 1289 284 1369 tegitur
300 1308 414 1369 parma
432 1300 464 1350 et
483 1288 578 1370 galea
593 1297 817 1371 metuensque
834 1290 957 1372 flagelli

85 1397 182 1460 discit
199 1398 240 1460 ab
257 1396 388 1459 hirsuta
405 1396 547 1459 iaculum
565 1405 720 1479 torquere
739 1397 873 1479 capella.

133 1505 288 1568 Forsitan
306 1505 477 1586 impensae
494 1504 674 1567 Virronem
692 1525 829 1587 parcere
847 1508 971 1571 credas.

85 1613 148 1677 hoc
164 1613 234 1695 agit
253 1623 288 1675 ut
307 1613 439 1688 doleas;
465 1633 540 1675 nam
558 1633 642 1694 quae
661 1613 841 1688 comoedia,
860 1614 983 1678 mimus

84 1722 158 1804 quis
175 1722 291 1784 melior
307 1721 461 1802 plorante
477 1722 578 1802 gula?
612 1742 691 1802 ergo
708 1722 820 1784 omnia
836 1723 930 1797 fiunt,

84 1830 112 1893 si
129 1830 249 1904 nescis,
268 1839 304 1892 ut
322 1849 381 1910 per
397 1829 547 1892 lacrimas
566 1831 740 1892 effundere
756 1831 855 1894 bilem

84 1938 213 2020 cogaris
230 1958 413 2020 pressoque
430 1938 485 2000 diu
504 1938 645 2000 stridere
663 1939 788 2002 molari.

33 2091 37 2105 .
83 2055 120 2108 tu
138 2047 199 2109 tibi
216 2046 301 2110 liber
318 2047 417 2109 homo
435 2056 468 2108 et
487 2046 575 2128 regis
593 2047 732 2109 conviva
748 2047 890 2110 videris:

83 2165 217 2236 captum
235 2165 269 2217 te
286 2155 401 2216 nidore
418 2175 499 2217 suae
516 2163 611 2236 putat
629 2154 684 2217 ille
702 2154 841 2230 culinae,

83 2283 145 2326 nec
162 2263 249 2325 male
267 2262 454 2337 coniectat;
479 2262 553 2344 quis
571 2263 659 2324 enim
677 2271 744 2326 tam
764 2264 873 2327 nudus
891 2274 927 2327 ut
945 2264 1036 2328 illum

83 2372 134 2434 bis
151 2371 248 2445 ferat,
269 2372 449 2434 Etruscum
467 2391 570 2451 puero
589 2371 616 2433 si
634 2371 776 2453 contigit
794 2393 911 2436 aurum

82 2479 133 2542 vel
151 2481 258 2542 nodus
275 2488 406 2541 tantum
425 2488 457 2541 et
476 2479 608 2561 signum
627 2480 668 2541 de
685 2500 829 2561 paupere
845 2480 939 2542 loro?

82 2566 159 2669 spes
176 2588 263 2650 bene
280 2587 423 2650 cenandi
440 2608 498 2649 vos
512 2587 647 2669 decipit.
701 2600 797 2651 ‘ecce
814 2588 908 2651 dabit
925 2588 989 2651 iam

82 2716 249 2758 semesum
267 2695 413 2777 leporem
432 2705 533 2776 atque
549 2695 673 2777 aliquid
691 2697 733 2758 de
751 2695 905 2759 clunibus
923 2698 1013 2778 apri3

81 2805 121 2866 ad
140 2824 200 2866 nos
218 2803 282 2866 iam
300 2803 412 2866 veniet
432 2803 540 2865 minor
557 2803 678 2866 altilis’
730 2804 807 2866 inde
824 2814 939 2886 parato

80 2912 273 2994 intactoque
289 2931 406 2974 omnes
425 2921 458 2973 et
476 2912 593 2974 stricto
612 2932 697 2992 pane
715 2913 845 2976 tacetis.

80 3020 135 3082 ille
154 3019 238 3100 sapit
256 3019 363 3100 quite
381 3020 429 3082 sic
447 3019 560 3082 utitur.
610 3020 722 3083 omnia
738 3020 826 3082 ferre

81 3128 109 3190 si
126 3137 232 3209 potes,
252 3136 285 3190 et
303 3128 415 3191 debes.
466 3128 664 3208 pulsandum
681 3128 807 3191 vertice
824 3150 898 3192 raso

80 3235 256 3316 praebebis
274 3236 472 3317 quandoque
489 3245 588 3316 caput
606 3257 669 3298 nec
686 3237 768 3300 dura
784 3236 918 3300 timebis

80 3344 184 3425 flagra
200 3338 278 3423 pati,
297 3342 349 3407 his
367 3344 475 3425 epulis
492 3354 526 3406 et
543 3344 602 3406 tali
618 3344 740 3426 dignus
756 3345 872 3408 amico,
