2422 4006
503 283 649 331 SATVRA
675 284 713 331 Vl

420 543 548 600 LIBER
572 544 796 602 SECVNDVS
973 522 978 529 '

486 725 649 776 SATVRA
676 725 718 775 Vl
798 681 893 805 *ffi'l

81 883 193 947 Credo
213 883 408 947 Pudicitiam
428 883 574 947 Saturno
592 905 672 968 rege
689 893 850 948 moratam

80 993 115 1055 in
133 990 232 1054 terris
249 991 419 1074 visamque
436 992 502 1067 diu,
522 1014 597 1056 cum
614 993 737 1076 frigida
753 1013 870 1075 parvas

80 1100 258 1182 praeberet
277 1100 436 1182 spelunca
453 1100 570 1163 domos
588 1101 768 1183 ignemque
788 1103 976 1185 Laremque

80 1219 116 1272 et
136 1228 239 1290 pecus
256 1217 290 1271 et
307 1208 460 1271 dominos
479 1210 647 1273 communi
665 1209 835 1273 clauderet
853 1212 978 1287 umbra,
1049 1239 1053 1247 ¹

80 1315 271 1380 silvestrem
290 1325 449 1379 montana
467 1325 577 1379 torum
595 1338 671 1380 cum
690 1327 856 1381 sterneret
875 1339 957 1381 uxor
1115 1339 1128 1391 5

79 1425 257 1487 frondibus
275 1433 309 1486 et
326 1423 435 1487 culmo
451 1424 704 1508 vicinarumque
720 1427 865 1489 ferarum

81 1532 235 1615 pellibus,
255 1532 342 1595 haud
360 1532 479 1596 similis
497 1533 568 1609 tibi,
589 1534 744 1618 Cynthia,
764 1555 827 1598 nec
844 1535 915 1609 tibi,
934 1535 1028 1598 cuius

80 1641 230 1705 turbavit
247 1640 370 1704 nitidos
388 1641 577 1706 exstinctus
596 1663 711 1724 passer
727 1643 861 1718 ocellos

49 1800 53 1805 .
81 1751 141 1814 sed
158 1749 303 1831 potanda
320 1750 434 1812 ferens
452 1751 639 1814 infantibus
657 1752 759 1815 ubera
775 1752 906 1834 magnis

80 1868 115 1921 et
132 1878 233 1940 saepe
250 1857 415 1921 horridior
433 1858 587 1941 glandem
609 1869 763 1923 ructante
780 1860 910 1922 marito.
1098 1885 1128 1919 10

80 1967 205 2050 quippe
223 1965 320 2029 aliter
336 1976 417 2029 tunc
436 1968 516 2030 orbe
533 1988 619 2030 novo
638 1968 797 2050 caeloque
816 1968 944 2031 recenti

79 2075 238 2138 vivebant
256 2074 421 2148 homines,
441 2075 497 2157 qui
515 2085 613 2156 rupto
631 2077 837 2139 robore-nati

80 2183 301 2265 compositive
319 2183 390 2246 luto
407 2183 516 2246 nullos
534 2184 680 2247 habuere
698 2195 865 2266 parentes.

80 2292 186 2356 multa
204 2291 386 2354 Pudicitiae
403 2292 526 2354 veteris
543 2293 686 2375 vestigia
702 2293 816 2356 forsan

79 2410 136 2464 aut
154 2400 264 2483 aliqua
281 2401 471 2463 exstiterint
489 2409 522 2463 et
542 2401 603 2463 sub
623 2402 711 2475 Iove,
732 2402 789 2464 sed
809 2403 888 2465 Iove
906 2403 1053 2465 nondum
1097 2424 1126 2476 15

79 2510 229 2584 barbato,
244 2508 391 2571 nondum
410 2509 547 2572 Graecis
566 2509 674 2572 iurare
692 2510 815 2591 paratis

79 2639 138 2698 per
155 2603 254 2698 caput
272 2617 419 2692 alterius,
439 2637 515 2680 cum
533 2616 641 2680 furem
659 2637 759 2680 nemo
775 2618 910 2681 timeret

79 2726 229 2790 caulibus
247 2735 281 2789 et
299 2725 416 2807 pomis,
436 2734 470 2788 et
487 2735 603 2807 aperto
620 2726 747 2788 viveret
764 2727 871 2789 horto.

79 2834 238 2916 paulatim
256 2834 378 2897 deinde
394 2834 435 2896 ad
453 2854 591 2915 superos
609 2834 754 2896 Astraea
771 2835 912 2897 recessit

79 2943 140 3007 hac
158 2943 290 3017 comite,
308 2953 409 3025 atque
425 2942 510 3005 duae
527 2942 652 3024 pariter
668 2943 786 3024 fugere
803 2963 943 3006 sorores.
1094 2965 1125 3000 20

79 3051 253 3134 antiquum
271 3059 420 3114 etvetus
438 3060 489 3112 est
508 3050 663 3125 alienum,
685 3052 850 3126 Postume,
870 3051 994 3114 lectum

80 3168 260 3224 concutere
276 3168 377 3241 atque
395 3158 479 3221 sacri
497 3159 633 3240 genium
651 3168 868 3222 contemnere
884 3159 991 3224 fulcri.

79 3288 176 3331 omne
193 3267 281 3330 aliud
299 3267 425 3330 crimen
443 3287 520 3329 mox
536 3267 645 3329 ferrea
662 3267 800 3347 protulit
818 3277 929 3331 aetas:

79 3378 232 3441 viderunt
249 3376 375 3458 primos
392 3386 552 3458 argentea
570 3375 701 3439 saecula
719 3376 886 3439 moechos

79 3494 279 3549 conventum
298 3494 411 3548 tamen
429 3494 463 3549 et
481 3494 616 3566 pactum
634 3493 668 3546 et
687 3484 854 3566 sponsalia
870 3494 985 3548 nostra
1093 3505 1124 3559 ²5

79 3603 278 3676 tempestate
296 3614 400 3675 paras,
420 3593 553 3674 iamque
570 3613 589 3655 a
605 3602 741 3656 tonsore
758 3593 918 3674 magistro
