2422 4006
486 300 632 348 SATVRA
657 301 727 348 XIII
1083 302 1130 352 109

88 465 241 547 ponimus
259 476 293 529 et
311 475 439 530 sectum
456 466 552 529 vituli
569 467 660 530 iecur
676 467 816 549 albaque
832 470 924 550 porci
945 434 1050 496 AM

88 575 244 637 omenta?
293 585 328 638 ut
345 575 451 649 video,
471 574 598 637 nullum
617 574 796 638 discrimen
814 577 1003 663 habendum
1021 588 1072 641 est

89 681 213 765 effigies
230 682 318 746 inter
334 692 463 746 vestras
480 692 693 766 statuamque
710 684 863 766 Vagelli.’

129 789 261 873 Accipe
276 811 361 874 quae
377 800 494 854 contra
509 792 617 855 valeat
635 792 757 855 solacia
773 793 861 856 ferre
1083 824 1128 860 120

89 907 118 961 et
135 899 192 982 qui
209 919 272 962 nec
289 898 434 983 Cynicos
451 919 513 962 nec
531 899 647 963 Stoica
663 901 821 982 dogmata
836 901 927 983 legit,

88 1026 105 1068 a
121 1006 258 1091 Cynicis
275 1008 389 1071 tunica
404 1007 573 1083 distantia,
591 1028 658 1071 non
677 1008 856 1088 Epicurum

89 1114 224 1197 suspicit
242 1115 354 1197 exigui
371 1115 496 1178 laetum
513 1116 722 1198 plantaribus
739 1117 835 1181 horti.

89 1232 243 1286 curentur
259 1223 352 1287 dubii
368 1223 506 1287 medicis
523 1224 703 1287 maioribus
721 1225 830 1307 aegri:

88 1340 121 1394 tu
138 1351 257 1394 venam
274 1332 327 1395 vel
344 1331 507 1413 discipulo
525 1333 700 1395 committe
718 1333 869 1416 Philippi.

88 1439 112 1501 si
129 1439 256 1503 nullum
275 1441 308 1502 in
326 1441 424 1503 terris
441 1451 511 1502 tam
528 1441 728 1504 detestabile
744 1441 871 1505 factum

87 1549 244 1623 ostendis,
263 1558 368 1623 tace0,
388 1569 450 1612 nec
467 1549 590 1631 pugnis
608 1551 748 1612 caedere
764 1560 883 1631 pectus

87 1665 118 1719 te
134 1666 212 1720 veto
230 1677 291 1720 nec
308 1657 407 1739 plana
422 1656 542 1720 faciem
561 1659 768 1721 contundere
785 1659 904 1740 palma,

86 1765 351 1847 quandoquidem
369 1775 508 1847 accepto
526 1766 709 1829 claudenda
725 1777 777 1829 est
795 1767 893 1830 ianua
909 1769 1039 1842 damn0,

86 1883 117 1935 et
134 1873 259 1936 maiore
274 1875 393 1936 domus
410 1874 549 1956 gemitu,
568 1875 692 1937 maiore
710 1876 856 1938 tumultu

85 1981 287 2065 planguntur
303 1982 431 2045 nummi
447 2003 546 2064 quam
563 1982 682 2046 funera
692 2004 699 2059 ;
726 2004 825 2046 nemo
841 1984 987 2047 dolorem

84 2090 180 2173 fingit
198 2090 231 2152 in
249 2090 310 2153 hoc
328 2110 416 2164 casu,
434 2100 563 2153 vestem
582 2091 739 2154 diducere
753 2112 916 2155 summam

84 2207 272 2274 contentus,
291 2217 412 2261 vexare
428 2198 543 2261 oculos
561 2219 676 2261 umore
693 2209 828 2263 coacto:

83 2305 231 2387 ploratur
247 2305 392 2369 lacrimis
409 2306 532 2369 amissa
549 2307 691 2388 pecunia
707 2308 804 2372 veris

83 2415 140 2477 sed
158 2413 187 2477 si
203 2423 326 2477 cuncta
341 2414 434 2476 vides
452 2414 550 2477 simili
567 2414 640 2478 fora
657 2415 755 2496 plena
772 2417 927 2498 querella,

82 2521 109 2584 si
126 2521 239 2585 decies
255 2521 352 2585 lectis
370 2522 500 2586 diversa
516 2532 611 2604 parte
628 2524 759 2586 tabellis

80 2651 166 2693 vana
183 2629 380 2712 supervacui
396 2630 512 2693 dicunt
530 2631 750 2713 chirographa
766 2632 857 2714 ligni,

81 2738 190 2820 arguit
208 2738 355 2820 ipsorum
373 2759 457 2820 quos
474 2738 587 2801 littera
603 2759 801 2822 gemmaque
818 2741 972 2822 princeps

80 2847 336 2930 sardonychum,
355 2846 473 2909 loculis
490 2866 574 2928 quae
591 2848 779 2910 custoditur
795 2848 940 2921 eburnis

80 2964 224 3017 ten—0
241 2954 377 3018 delicias
388 2964 537 3017 —extra
553 2956 743 3019 communia
760 2976 877 3019 censes

79 3064 282 3144 ponendum,
302 3064 379 3145 quia
396 3072 433 3126 tu
449 3063 593 3144 gallinae
611 3064 698 3126 filius
715 3065 818 3138 albae,

80 3191 142 3234 nos
159 3170 241 3234 viles
258 3171 339 3252 pulli
357 3172 427 3234 nati
445 3170 635 3234 infelicibus
653 3172 747 3234 ovis?

80 3299 150 3342 rem
168 3280 293 3360 pateris
311 3281 474 3343 modicam
493 3291 525 3342 et
544 3280 703 3342 mediocri
720 3280 787 3343 bile
802 3280 985 3356 ferendam,

80 3389 108 3450 si
124 3387 242 3451 flectas
259 3389 373 3452 oculos
392 3389 516 3451 maiora
532 3390 573 3451 ad
593 3389 739 3451 crimina.
789 3389 906 3451 confer

80 3497 283 3560 conductum
300 3497 475 3572 latronem,
496 3497 650 3560 incendia
667 3497 803 3578 sulpure
820 3507 938 3578 coepta

79 3614 181 3687 atque
198 3604 283 3680 dole,
303 3605 427 3686 primos
444 3627 519 3668 cum
538 3607 636 3668 ianua
653 3605 780 3686 colligit
797 3605 911 3686 ignes;
