2422 4006
120 286 168 335 114
539 287 742 335 IVVENALIS

120 455 233 516 mitem
252 455 399 517 animum
418 464 452 518 et
469 475 579 518 mores
597 455 736 518 modicis
754 455 922 518 erroribus
940 474 1068 537 aequos
1143 473 1170 525 15

119 561 282 644 praecipit
300 571 400 645 atque
417 564 545 627 animas
562 583 734 627 servorum
752 573 786 626 et
804 583 943 645 corpora
960 572 1080 626 nostra

119 670 260 734 materia
276 682 432 735 constare
449 682 544 754 putat
562 672 763 754 paribusque
780 672 966 746 elementis,

119 800 162 842 an
180 779 306 843 saevire
322 781 420 843 docet
440 781 584 856 Rutilus
603 781 659 864 qui
676 782 801 862 gaudet
817 781 938 844 acerbo

119 888 293 971 plagarum
310 889 455 970 strepitu
472 899 505 952 et
524 888 648 952 nullam
666 889 787 953 Sirena
803 888 945 972 flagellis

120 1005 288 1078 conparat,
308 997 515 1079 Antiphates
532 997 654 1079 trepidi
670 997 803 1061 laris'ac
822 989 1058 1081 Polyphemus
1139 1025 1169 1060 20

120 1113 202 1168 tunc
218 1105 308 1180 felix,
328 1106 484 1188 quotiens
501 1105 619 1188 aliquis
636 1115 763 1169 tortore
780 1114 899 1169 vocato

120 1213 229 1276 uritur
245 1214 376 1276 ardenti
393 1215 458 1277 duo
475 1223 612 1297 propter
627 1214 731 1278 lintea
746 1215 860 1277 ferro?

120 1322 200 1404 quid
217 1323 334 1385 suadet
353 1323 464 1386 iuveni
481 1322 590 1386 laetus
608 1323 750 1386 stridore
768 1333 914 1397 catenae,

120 1450 219 1513 quem
237 1431 319 1493 mire
336 1432 495 1494 adficiunt
513 1432 682 1513 inscripta,
703 1432 881 1514 ergastula,
901 1431 1037 1494 carcer?

121 1539 267 1602 rusticus
284 1550 460 1620 exspectas
477 1549 514 1603 ut
532 1561 599 1603 non
617 1540 661 1602 sit
678 1540 829 1603 adultera
848 1541 978 1621 Largae
1138 1564 1165 1616 ²5

120 1647 196 1722 filia,
216 1668 301 1730 quae
318 1669 498 1730 numquam
517 1658 686 1715 maternos
704 1647 815 1711 dicere
832 1647 991 1711 moechos

121 1765 187 1818 tam
207 1756 274 1818 cito
292 1777 353 1819 nec
370 1766 466 1818 tanto
484 1757 608 1837 poterit
626 1766 804 1820 contexere
822 1775 931 1830 cursu,

121 1873 157 1926 ut
175 1883 241 1925 non
260 1873 311 1926 ter
328 1864 439 1928 decies
457 1865 623 1946 respiret?
672 1864 807 1928 conscia
823 1864 921 1928 matri

120 1972 215 2054 virgo
231 1971 306 2047 fuit,
326 1993 418 2036 ceras
435 1994 526 2037 nunc
542 1974 770 2051 hacpdictante
787 1972 924 2054 pusillas

120 2080 237 2162 implet
255 2090 289 2143 et
306 2082 348 2144 ad
365 2083 539 2145 moechum
558 2083 614 2144 dat
632 2082 758 2145 eisdem
775 2082 864 2145 ferre
881 2081 1039 2145 cinaedis.
1135 2109 1164 2160 30

121 2188 170 2250 sic
187 2198 307 2251 natura
324 2189 436 2253 iubet:
460 2189 608 2253 velocius
625 2199 658 2252 et
677 2190 777 2253 citius
794 2210 856 2253 nos

121 2306 338 2378 corrumpunt
355 2297 512 2361 vitiorum
530 2299 681 2379 exempla
697 2298 891 2373 domestica,
910 2299 1042 2380 magnis

120 2427 195 2469 cum
213 2407 359 2468 subeunt
377 2407 506 2470 animos
523 2407 724 2471 auctoribus.
774 2428 860 2470 unus
878 2416 911 2470 et
928 2406 1014 2469 alter

119 2514 261 2577 forsitan
280 2515 362 2578 haec
380 2525 539 2596 spernant
557 2491 705 2590 iuvenes,
724 2516 844 2598 quibus
862 2525 933 2578 arte
950 2515 1100 2597 benigna

120 2632 153 2687 et
171 2622 309 2685 meliore
326 2623 396 2686 luto
413 2623 508 2685 finxit
526 2625 719 2705 praecordia
735 2625 848 2700 Titan,
1135 2651 1164 2703 35

120 2733 178 2794 sed
196 2731 340 2813 reliquos
358 2732 518 2815 fugienda
534 2742 665 2814 patrum
682 2733 827 2815 vestigia
843 2734 970 2796 ducunt

119 2850 152 2902 et
171 2849 357 2904 monstrata
373 2841 430 2904 diu
447 2842 569 2904 veteris
586 2841 688 2904 trahit
706 2842 814 2904 orbita
830 2842 958 2923 culpae.

119 2948 289 3012 abstineas
307 2948 409 3031 igitur
425 2950 632 3014 damnandis.
683 2950 781 3013 huius
800 2949 887 3012 enim
905 2949 959 3013 vel

119 3077 185 3119 una
201 3066 322 3138 potens
339 3057 423 3120 ratio
442 3067 504 3133 est,
524 3078 566 3120 ne
584 3057 721 3120 crimina
738 3068 852 3120 nostra
869 3067 1052 3140 sequantur

119 3185 159 3227 ex
176 3165 273 3228 nobis
290 3165 406 3248 geniti,
425 3167 579 3248 quoniam
597 3167 721 3229 dociles
739 3166 909 3229 imitandis
1133 3196 1163 3244 40

119 3273 272 3354 turpibus
290 3295 328 3337 ac
344 3274 455 3356 pravis
473 3295 589 3337 omnes
604 3295 729 3350 sumus,
749 3284 782 3337 et
802 3274 982 3338 Catilinam

119 3401 329 3464 quocumque
345 3382 379 3444 in
396 3383 519 3464 populo
536 3382 659 3458 videas,
678 3403 889 3466 quocumque
907 3384 970 3447 sub
986 3404 1056 3461 axe,

119 3490 178 3552 sed
196 3510 258 3553 nec
276 3491 400 3554 Brutus
418 3492 480 3554 erit
498 3492 593 3555 Bruti
609 3512 671 3555 nec
688 3493 873 3556 avunculus
890 3513 1041 3574 usquam.

120 3598 166 3661 nil
183 3599 273 3663 dictu
289 3599 426 3664 foedum
443 3600 583 3682 visuque
600 3601 683 3666 haec
700 3600 816 3664 limina
832 3611 950 3684 tangat
