2422 4006
464 112 609 161 SATVRA
634 111 705 159 XIII

62 279 158 358 plura
174 281 264 343 domi
279 281 374 364 fraga
391 290 424 343 et
441 280 584 343 maiores
601 278 732 361 glandis
749 299 903 356 acervos;

61 393 133 451 tam
151 387 341 452 venerabile
358 398 429 452 erat
448 388 646 471 praecedere
663 395 822 469 quattuor
838 387 960 462 annis,

61 496 237 579 primaque
253 517 313 578 par
328 498 411 560 adeo
428 516 541 560 sacrae
558 496 681 578 lanugo
699 505 866 559 senectae.

62 623 154 668 nunc
172 605 201 668 si
216 605 405 687 depositum
423 625 490 667 non
507 604 672 668 infitietur
689 604 826 679 amicus,

62 713 93 775 si
109 713 227 775 reddat
243 717 391 775 veterem
409 733 484 776 cum
501 722 574 775 tota
590 713 749 795 aerugine
765 712 888 787 follem,

63 820 254 903 prodigiosa
269 821 353 883 fides
370 830 403 883 et
420 820 540 884 Tuscis
558 821 660 903 digna
672 820 794 883 libellis

64 949 216 1010 quaeque
233 938 391 992 coronata
407 928 540 992 lustrari
557 930 677 993 debeat
694 949 790 1011 agna.

64 1037 237 1119 egregium
256 1047 477 1119 sanctumque
494 1036 601 1100 virum
619 1037 648 1100 si
666 1057 775 1112 cern0,
796 1035 971 1100 bimembri

64 1145 128 1209 hoc
146 1154 334 1208 monstrum
351 1165 455 1226 puero
471 1145 523 1208 vel
540 1145 700 1208 mirandis
718 1145 781 1208 sub
797 1154 906 1208 aratro
1076 1160 1109 1224 65

65 1252 213 1335 piscibus
230 1253 377 1316 inventis
394 1263 428 1316 et
443 1253 534 1316 fetae
550 1273 707 1334 comparo
725 1253 843 1327 mulae,

65 1360 238 1436 sollicitus,
256 1371 426 1443 tamquam
443 1361 568 1443 lapides
586 1360 743 1424 effuderit
761 1361 866 1425 imber

66 1489 272 1552 examenque
289 1469 399 1551 apium
418 1469 518 1552 longa
534 1469 725 1533 consederit
742 1490 806 1532 uva

66 1578 212 1641 culmIne
227 1577 366 1653 delubri,
384 1587 553 1660 tamquam
571 1578 604 1640 in
623 1598 714 1641 mare
731 1578 863 1641 fluxerit
880 1566 987 1641 amnis

66 1686 257 1769 gurgitibus
274 1685 368 1749 miris
387 1696 420 1748 et
437 1674 534 1749 lactis
552 1686 678 1750 vertice
694 1695 835 1750 torrens.
1078 1707 1111 1755 70

113 1795 307 1876 Intercepta
323 1795 439 1858 decem
456 1795 606 1877 quereris
624 1795 780 1858 sestertia
795 1795 912 1858 fraude

67 1902 237 1985 sacrilega.
287 1903 366 1985 quid
384 1903 413 1965 si
430 1903 482 1966 bis
499 1913 636 1966 centum
654 1903 797 1985 perdidit
814 1904 899 1966 alter

67 2011 129 2074 hoc
146 2031 266 2074 arcana
282 2011 405 2073 modo?
453 2011 610 2073 maiorem
628 2010 749 2074 tertius
767 2010 822 2073 illa

66 2140 240 2193 summam,
259 2140 358 2201 quam
375 2118 508 2200 patulae
525 2120 579 2181 vix
596 2129 730 2201 ceperat
748 2120 890 2201 angulus
908 2120 1027 2183 arcae?

67 2237 135 2291 tam
151 2227 250 2291 facile
267 2237 301 2290 et
317 2248 459 2309 pronum
478 2238 529 2290 est
548 2247 686 2308 superos
704 2236 920 2290 contemnere
937 2237 1053 2301 testes,
1080 2256 1093 2303 7
1099 2256 1112 2307 5

67 2337 94 2398 si
112 2335 263 2399 mortalis
281 2335 368 2398 idern
387 2355 484 2399 nemo
502 2335 596 2399 sciat.
645 2336 756 2417 aspice
773 2345 898 2417 quanta

65 2465 148 2508 voce
164 2455 275 2526 neget,
294 2464 379 2526 quae
396 2445 439 2507 sit
456 2444 526 2507 ficti
543 2445 733 2507 constantia
749 2443 870 2508 vultus

66 2573 126 2634 per
144 2551 233 2616 Solis
250 2553 360 2615 radios
376 2552 586 2634 Tarpeiaque
602 2552 744 2615 fulmina
760 2552 845 2615 iurat

66 2670 99 2723 et
118 2660 240 2724 Martis
257 2661 417 2723 frameam
436 2671 468 2723 et
487 2660 638 2724 Cirrhaei
656 2660 784 2743 spIcula
800 2661 895 2736 vatis,

66 2789 126 2851 per
143 2769 289 2832 calamos
305 2769 484 2832 venatricis
501 2769 760 2851 pharetramque
777 2768 907 2850 puellae
1082 2783 1114 2830 80

66 2896 193 2960 perque
209 2887 314 2952 tuum,
333 2888 429 2959 pater
445 2877 577 2959 Aegaei
595 2877 764 2959 Neptune,
783 2877 973 2951 tridentem,

67 2986 159 3048 addit
177 2995 211 3049 et
230 2986 417 3050 Herculeos
435 3007 531 3049 arcus
549 2986 749 3067 hastamque
767 2985 948 3059 Minervae,

67 3090 227 3177 qu'idquid
246 3095 371 3158 habent
389 3094 533 3157 telorum
550 3093 807 3157 armamentaria
823 3093 914 3156 caeli

67 3202 97 3265 si
113 3223 192 3267 vero
209 3213 243 3266 et
260 3213 354 3285 pater
371 3212 432 3277 est,
454 3200 665 3266 ‘comedam’
685 3201 793 3282 inquit
813 3200 944 3263 ‘flebile
962 3202 1031 3263 nati

68 3310 215 3393 sinciput
232 3311 309 3374 elixi
326 3311 513 3392 Pharioque
530 3310 696 3373 madentis
713 3307 828 3372 aceto’
1082 3323 1097 3372 8
1102 3320 1127 3387 ς’

116 3420 203 3484 Sunt
221 3420 256 3481 in
273 3419 429 3481 fortunae
445 3419 502 3501 qui
520 3419 653 3482 casibus
671 3418 782 3480 omnia
799 3427 924 3498 ponant
