2422 4006
427 345 430 348 .
497 283 643 332 sarran
668 283 707 331 vr

81 465 112 518 et
130 455 269 539 Sybaris
286 452 390 527 collis,
409 452 487 516 hinc
505 462 539 514 et
558 453 695 515 Rhodos
713 462 747 516 et
766 453 902 517 Miletos

79 573 177 646 atque
194 571 390 626 coronatum
407 570 440 624 et
457 559 613 642 petulans
630 560 865 642 madidumque
882 562 1075 626 Tarentum.

78 671 185 753 prima
200 670 395 754 peregrinos
411 670 558 733 obscena
575 670 717 750 pecunia
732 689 841 732 mores

79 779 201 854 intulit,
221 788 255 843 et
272 779 362 861 turpi
378 778 552 860 fregerunt
571 777 703 841 saecula
718 777 798 841 luxu

78 888 214 951 divitiae
231 887 355 951 molles.
405 887 483 969 quid
502 887 591 949 enirn
609 888 725 950 Venus
743 887 833 950 ebria
850 889 967 950 curat?
1077 909 1145 960 300⁴

79 995 229 1080 inguinis
246 1005 280 1059 et
297 995 416 1078 capitis
433 1016 518 1078 quae
536 995 603 1058 sint
621 995 814 1059 discrimina
830 995 938 1058 nescit

79 1106 219 1188 grandia
236 1125 320 1187 quae
336 1103 455 1168 mediis
473 1105 538 1167 iam
556 1105 713 1168 noctibus
730 1113 843 1167 ostrea
857 1106 997 1178 mordet,

80 1235 156 1279 cum
175 1214 310 1296 perfusa
326 1233 417 1277 mero
435 1222 591 1295 spumant
609 1223 782 1295 unguenta
800 1213 951 1288 Falerno,

81 1343 158 1386 cum
175 1322 302 1384 bibitur
317 1313 455 1396 concha,
475 1343 551 1385 cum
569 1321 633 1389 iam
651 1321 818 1404 vertigine
834 1331 959 1385 tectum

80 1429 229 1495 ambulat
248 1440 281 1493 et
299 1430 443 1512 geminis
461 1429 611 1512 exsurgit
627 1449 744 1493 mensa
759 1428 914 1493 lucernis.

83 1539 94 1601 i
109 1559 200 1602 nunc
218 1547 251 1600 et
269 1539 385 1602 dubita
401 1559 467 1620 qua
483 1538 616 1601 sorbeat
633 1558 710 1601 aera
726 1559 831 1601 sanna

82 1646 201 1722 Tullia,
221 1647 300 1730 quid
317 1647 405 1710 dicat
423 1656 523 1709 notae
540 1645 700 1710 collactea
717 1647 855 1709 Maurae

85 1755 212 1829 Maura,
233 1754 415 1818 Pudicitiae
430 1764 580 1817 veterem
598 1775 673 1817 cum
690 1754 849 1836 praeterit
867 1775 967 1817 aram.

84 1863 240 1927 noctibus
258 1863 311 1926 hic
327 1872 458 1944 ponunt
475 1862 620 1936 lecticas,
640 1863 835 1926 micturiunt
853 1863 923 1935 hic

83 1970 295 2054 effigiemque
312 1972 393 2034 deae
409 1971 520 2053 longis
537 1971 734 2052 siphonibus
755 1971 895 2052 implent

84 2078 185 2161 inque
201 2078 292 2142 vices
310 2079 461 2161 equitant
478 2100 517 2142 ac
534 2079 612 2142 luna
628 2089 717 2142 teste
734 2089 920 2154 moventur,

84 2186 162 2249 inde
178 2188 295 2251 domos
312 2187 457 2250 abeunt:
481 2196 519 2250 tu
536 2187 644 2252 calcas
661 2187 736 2250 luce
753 2207 885 2250 reversa

84 2295 235 2378 coniugis
252 2295 381 2359 urinam
399 2316 538 2378 magnos
555 2296 687 2359 visurus
703 2296 836 2360 amicos.

83 2413 165 2467 nota
181 2405 293 2467 Bonae
310 2413 440 2467 secreta
457 2406 560 2480 Deae,
579 2425 654 2468 curn
671 2404 753 2467 tibia
770 2404 900 2467 lumbos

83 2511 202 2575 incitat
219 2521 253 2575 et
270 2532 375 2576 comu
392 2513 516 2593 pariter
531 2507 676 2595 vinoque
692 2512 846 2574 feruntur

83 2621 248 2684 attonitae
260 2621 453 2703 crinemque
469 2630 581 2684 rotant
598 2621 796 2702 ululantque
814 2619 921 2701 Priapi

83 2730 271 2793 maenades.
323 2750 342 2792 o
359 2739 504 2811 quantus
521 2738 603 2792 tunc
621 2729 684 2792 illis
702 2728 871 2791 mentibus
887 2728 985 2790 ardor

84 2836 294 2912 concubitus,
313 2857 397 2919 quae
414 2858 478 2900 vox
495 2837 640 2901 saltante
657 2837 804 2911 libidine,
823 2845 969 2918 quantus

83 2944 139 3008 ille
155 2945 239 3008 meri
254 2945 379 3008 veteris
396 2966 455 3027 per
472 2967 567 3009 crura
583 2946 754 3008 madentia
769 2945 919 3007 torrens!

83 3053 241 3117 lenonum
260 3053 397 3117 ancillas
414 3054 524 3135 posita
541 3053 677 3116 Saufeia
693 3074 814 3117 corona

83 3171 242 3244 provocat
259 3183 299 3226 ac
314 3162 401 3225 tollit
419 3162 597 3244 pendentis
613 3163 761 3243 praemia
777 3182 887 3234 coxae,

84 3269 157 3351 ipsa
173 3270 377 3333 Medullinae
394 3271 532 3334 fluctum
550 3270 705 3333 crisantis
721 3271 856 3345 adorat;

83 3376 228 3460 palmam
246 3379 334 3441 inter
349 3379 500 3442 dominas
517 3379 624 3441 virtus
641 3378 808 3440 natalibus
827 3386 957 3458 aequat.

83 3484 130 3548 nil
148 3486 195 3549 ibi
211 3506 271 3568 per
286 3487 401 3549 ludum
419 3487 636 3560 simulabitur,
656 3486 767 3548 omnia
785 3486 865 3548 fient

83 3595 125 3657 ad
141 3613 267 3669 verum,
286 3595 408 3677 quibus
423 3594 637 3658 incendiiam
655 3593 798 3675 frigidus
816 3613 896 3655 aevo
