2422 4006
116 286 149 335 32
539 290 742 338 IVVENALIS

118 457 189 538 ipse
206 457 400 521 Venafrano
417 457 543 540 piscem
561 457 751 539 perfundit:
776 468 810 520 at
827 458 881 520 hic
898 458 956 540 qui

117 565 258 646 pallidus
276 565 427 629 adfertur
443 565 565 628 misero
581 565 644 628 tibi
657 565 761 629 caulis
780 565 883 628 olebit

117 673 302 737 lanternam
316 694 323 749 ;
349 674 429 736 illud
446 674 535 755 enim
553 674 674 737 vestris
691 658 788 737 datur
804 673 942 738 alveolis
959 675 1047 756 quod

117 802 224 845 canna
241 772 455 863 Micipsarum
473 803 571 864 prora
587 782 741 845 subvexit
758 767 865 857 acuta,

32 931 35 935 -
116 899 254 972 propter
270 891 358 972 quod
377 891 506 953 Romae
523 911 598 954 cum
617 891 762 954 Boccare
778 911 877 954 nemo
895 890 1033 965 lavatur,
1131 913 1164 962 90

116 999 204 1081 quod
221 1007 314 1061 tutos
331 999 431 1061 etiam
449 999 530 1062 facit
547 1019 566 1061 a
584 999 796 1081 serpentibus
814 999 903 1063 atris.

116 1106 239 1170 mullus
256 1107 318 1169 erit
335 1107 470 1181 domini,
490 1127 588 1190 quem
606 1107 695 1169 misit
714 1106 851 1170 Corsica
867 1106 920 1169 vel
937 1127 1035 1190 quem

115 1215 418 1279 Tauromenitanae
435 1236 544 1296 rupes,
563 1215 695 1297 quando
712 1235 811 1278 omne
828 1224 1000 1297 peractum
1018 1224 1070 1278 est

116 1333 150 1386 et
169 1323 232 1386 iam
250 1324 374 1387 defecit
391 1334 545 1387 nostrum
562 1344 662 1398 mare,
681 1324 760 1396 dum
777 1324 855 1406 gula
872 1323 987 1398 saevit,

117 1432 244 1495 retibus
261 1432 409 1503 adsiduis
426 1420 562 1514 penitus
579 1441 753 1495 scrutante
769 1432 909 1496 macello
1129 1456 1160 1508 95

117 1540 273 1622 proxima,
293 1561 355 1604 nec
373 1541 519 1622 patimur
536 1540 749 1624 Tyrrhenum
766 1561 918 1604 crescere
930 1540 1067 1622 piscem.

117 1649 251 1711 instruit
269 1669 349 1731 ergo
365 1649 479 1712 focum
497 1648 675 1730 provincia,
695 1648 839 1711 sumitur
855 1648 946 1711 illinc

116 1758 203 1839 quod
221 1767 372 1839 captator
388 1766 477 1820 emat
497 1758 637 1833 Laenas,
656 1755 795 1820 Aurelia
811 1758 943 1820 vendat.

116 1864 251 1927 Virroni
268 1885 427 1929 muraena
443 1866 550 1939 datur,
570 1885 655 1946 quae
673 1865 815 1928 maxima
831 1864 923 1927 venit

116 1974 249 2055 gurgite
266 1974 309 2036 de
326 1973 457 2050 Siculo;
482 1994 558 2036 nam
576 1975 656 2037 dum
674 1993 710 2036 se
727 1974 877 2036 continet
895 1983 1016 2048 auster,

116 2084 194 2145 dum
212 2084 358 2145 sedetet
376 2082 478 2145 siccat
496 2082 645 2144 madidas
663 2081 697 2144 in
715 2102 847 2145 carcere
864 2081 993 2163 pinnas

116 2199 337 2253 contemnunt
356 2190 499 2253 mediam
517 2191 693 2253 temeraria
710 2190 777 2253 lina
795 2189 1018 2274 Charybdim:

116 2320 174 2363 vos
192 2298 339 2381 anguilla
354 2277 467 2361 manet
484 2298 603 2381 longae
621 2309 763 2380 cognata
780 2299 944 2373 colubrae,

116 2417 172 2470 aut
190 2407 296 2489 glacie
313 2428 469 2489 aspersus
486 2407 627 2470 maculis
644 2407 833 2482 Tiberinus,
852 2415 886 2468 et
904 2406 977 2488 ipse

115 2517 253 2580 vernula
270 2516 425 2598 riparum,
440 2515 575 2597 pinguis
592 2524 743 2578 torrente
760 2516 871 2579 cloaca
970 2502 973 2507 ¹

116 2633 150 2687 et
168 2624 287 2688 solitus
304 2624 433 2687 mediae
450 2633 601 2708 cryptam
619 2634 795 2705 penetrare
814 2622 973 2687 Suburae.

163 2734 232 2815 Ipsi
250 2753 356 2815 pauca
372 2732 481 2806 velim,
500 2731 631 2795 facilem
651 2732 680 2795 si
698 2732 854 2813 praebeat
871 2752 1000 2797 aurem:

32 2919 34 2924 s
117 2854 237 2903 ‘nemo
254 2841 349 2922 petit,
369 2840 507 2903 modicis
525 2860 609 2923 quae
627 2841 845 2924 mittebantur
861 2839 976 2902 amicis

115 2949 292 3024 a'Seneca,
311 2969 396 3031 quae
415 2948 489 3010 Piso
507 2949 624 3023 bonus,
644 2968 730 3030 quae
748 2948 849 3011 Cotta
867 2947 994 3011 solebat

115 3057 228 3140 largiri
238 3078 245 3134 ;
273 3077 416 3139 namque
434 3066 467 3119 et
485 3056 591 3119 titulis
609 3065 642 3118 et
658 3056 808 3119 fascibus
825 3055 903 3119 olim

115 3166 221 3229 maior
237 3165 424 3227 habebatur
441 3163 587 3227 donandi
604 3164 716 3246 gloria.
767 3164 873 3227 solum

115 3273 285 3356 poscimus
302 3282 339 3335 ut
357 3293 457 3336 cenes
476 3273 627 3336 civiliter.
678 3273 740 3335 hoc
757 3272 831 3335 face
848 3281 881 3334 et
899 3281 981 3346 esto,

115 3392 198 3456 est0,
218 3391 254 3444 ut
272 3402 361 3444 nunc
379 3381 483 3457 multi,
502 3381 595 3444 dives
612 3380 683 3456 tibi,
703 3401 828 3462 pauper
844 3379 982 3443 amicis.’

161 3490 305 3553 Anseris
322 3499 401 3553 ante
418 3489 526 3571 ipsum
544 3489 657 3571 magni
675 3489 774 3563 iecur,
794 3488 968 3552 anseribus
986 3509 1045 3570 par

114 3599 225 3673 altilis,
245 3608 279 3662 et
296 3598 373 3661 flavi
390 3597 513 3679 dignus
530 3597 619 3659 ferro
638 3597 801 3678 Meleagri
