2422 4006
85 270 133 319 116
506 270 709 319 IVVENALIS

84 439 189 500 nutrit
208 448 240 500 et
260 438 395 500 inventa
412 458 472 518 per
488 437 583 500 devia
600 458 676 500 rura
692 438 836 502 lacerta:

83 547 130 609 illi
147 547 262 609 eadem
281 546 423 627 sumptis
440 554 604 629 quaerunt
621 545 778 610 animalia
793 548 915 629 pinnis.

83 656 195 718 vultur
211 646 360 717 iumento
378 664 411 717 et
429 654 568 717 canibus
585 655 806 737 crucibusque
823 656 949 720 relictis

83 764 124 827 ad
140 764 231 826 fetus
247 772 403 845 properat
420 773 617 846 partemque
635 763 805 827 cadaveris
824 765 955 828 adfert:

83 872 138 935 hic
155 881 206 934 est
224 892 304 954 ergo
321 871 415 935 cibus
433 872 547 954 magni
563 893 695 954 quoque
711 872 853 936 vulturis
871 883 904 936 et
922 893 960 937 se

82 980 261 1074 pascentis,
279 980 414 1061 propria
430 1000 505 1043 cum
523 980 587 1043 iam
604 980 686 1043 facit
704 981 822 1044 arbore
838 981 947 1045 nidos.
1101 1000 1135 1048 80

83 1089 142 1151 sed
160 1089 306 1170 leporem
325 1097 383 1151 aut
401 1109 553 1171 capream
569 1088 714 1152 famulae
733 1090 820 1152 Iovis
838 1099 871 1152 et
889 1111 1075 1173 generosae

83 1197 116 1260 in
135 1197 222 1260 saltu
238 1206 403 1260 venantur
419 1216 506 1273 aves,
529 1197 607 1260 hinc
624 1198 747 1278 praeda
763 1198 867 1260 cubili

82 1305 237 1385 ponitur:
262 1305 339 1367 inde
356 1314 468 1367 autem
487 1326 561 1368 cum
580 1325 615 1368 se
633 1316 763 1369 matura
778 1305 895 1368 levarit

81 1413 270 1495 progenies,
290 1413 485 1476 stimulante
501 1414 590 1476 fame
607 1413 746 1476 festinat
763 1414 805 1476 ad
822 1414 911 1477 illam

83 1543 181 1603 quam
198 1522 340 1602 primum
358 1521 514 1602 praedam
532 1533 630 1602 rupto
647 1530 840 1603 gustaverat
858 1542 930 1585 ovo
1098 1539 1129 1604 85

128 1630 337 1693 Aedificator
353 1639 424 1692 erat
442 1628 623 1692 Cretonius
641 1639 675 1692 et
693 1631 791 1692 modo
809 1650 910 1692 curvo

81 1739 177 1801 litore
196 1737 341 1812 Caietae,
360 1758 490 1800 summa
507 1758 596 1801 nunc
613 1737 748 1801 Tiburis
766 1758 850 1814 arce,

82 1867 171 1910 nunc
190 1846 417 1909 Praenestinis
434 1846 469 1908 in
486 1846 657 1909 montibus
673 1846 740 1909 alta
755 1847 892 1927 parabat

82 1956 227 2019 culmina
243 1955 395 2017 villarum
414 1955 552 2017 Graecis
568 1955 733 2036 longeque
751 1955 864 2035 petitis

82 2064 301 2126 marmoribus
315 2063 452 2126 vincens
471 2064 639 2125 Fortunae
656 2071 757 2144 atque
775 2062 932 2125 Herculis
950 2064 1079 2139 aedem,
1096 2094 1128 2144 90

81 2182 118 2235 ut
136 2173 239 2253 spado
255 2172 410 2235 vincebat
430 2170 594 2252 Capitolia
610 2180 726 2233 nostra
743 2171 887 2235 Posides.
1087 2168 1090 2175 ’

81 2283 159 2344 dum
178 2281 225 2344 sic
243 2301 322 2362 ergo
340 2280 468 2343 habitat
488 2278 676 2354 Cretonius,
697 2279 854 2342 inminuit
872 2300 952 2354 rem,

79 2389 182 2471 fregit
200 2409 289 2470 opes,
309 2409 370 2451 nec
386 2409 487 2469 parva
504 2397 616 2451 tamen
634 2408 791 2450 mensura
807 2387 943 2451 relictae

80 2498 184 2579 partis
202 2506 282 2560 erat.
332 2507 436 2559 totam
452 2497 537 2560 hanc
555 2496 701 2560 turbavit
719 2497 806 2559 lilius
823 2517 948 2573 amens,

80 2607 158 2670 dum
176 2605 312 2668 meliore
329 2626 431 2668 novas
448 2605 571 2667 attollit
590 2625 753 2667 marmore
769 2605 874 2669 villas

128 2715 271 2798 Quidam
285 2714 394 2776 sortiti
411 2723 619 2776 metuentem
638 2714 778 2777 sabbata
793 2711 923 2795 patrem

81 2824 126 2886 nil
142 2833 276 2905 praeter
291 2823 398 2884 nubes
416 2831 450 2884 et
467 2821 550 2885 caeli
568 2841 692 2884 numen
711 2822 860 2896 adorant,

81 2953 144 2995 nec
160 2932 285 2994 distare
301 2940 421 3012 putant
440 2931 586 2994 humana
602 2949 702 2993 carne
720 2930 849 2993 suillam

80 3062 145 3123 qua
160 3050 256 3122 pater
272 3039 444 3115 abstinuit,
464 3060 541 3101 mox
558 3048 592 3102 et
608 3039 783 3120 praeputia
799 3048 951 3119 ponunt3

82 3152 252 3213 Romanas
268 3160 379 3211 autem
396 3147 487 3210 soliti
505 3156 720 3210 contemnere
737 3147 830 3229 leges

82 3258 254 3321 Iudaicum
272 3257 426 3320 ediscunt
444 3265 477 3319 et
495 3265 628 3319 servant
646 3276 684 3319 ac
702 3265 856 3319 metuunt
875 3256 926 3319 ius

80 3365 217 3429 tradidit
234 3386 354 3429 arcano
371 3367 602 3448 quodcumque
619 3364 791 3451 volumine
806 3364 954 3449 Moyses,

81 3496 148 3538 non
166 3483 353 3537 monstrare
369 3474 438 3536 vias
455 3473 571 3536 eadem
589 3472 655 3536 nisi
672 3492 766 3536 sacra
782 3473 915 3548 colenti,

82 3583 269 3666 quaesitum
285 3582 327 3644 ad
342 3581 472 3644 fontem
490 3581 578 3644 solos
595 3581 760 3643 deducere
777 3601 905 3662 verpos.
