2422 4006
76 270 111 320 44
501 269 706 319 IVVENALIS

80 437 232 520 Gurgitis
248 447 306 501 aut
326 437 431 513 Fabii,
450 457 535 520 quae
551 436 641 501 ludia
658 437 839 520 sumpserit
856 458 1012 522 umquam

80 547 141 609 hos
158 545 302 621 habitus,
321 548 453 629 quando
469 548 511 610 ad
528 545 638 628 palum
656 556 769 628 gemat
786 565 868 610 uxor
884 546 993 630 Asyli.

128 655 268 736 Semper
283 654 385 717 habet
401 653 480 718 lites
496 653 691 737 alternaque
708 653 815 737 iurgia
831 654 940 735 lectus

81 763 115 826 in
132 783 197 845 quo
214 771 321 844 nupta
337 763 441 838 iacet;
468 762 643 826 minimum
659 762 824 826 dormitur
838 762 874 825 in
891 762 957 826 illo.

81 881 163 935 ωηο
179 871 290 953 gravis
307 870 362 934 illa
377 870 458 946 viro,
477 880 559 935 ωηο
576 871 656 935 orba
672 871 796 953 tigride
812 870 914 953 peior,
1072 886 1109 936 ²70

82 1001 157 1044 cum
175 978 309 1042 simulat
326 979 474 1061 gemitus
491 978 614 1043 occulti
631 979 767 1044 conscia
783 979 874 1053 lacti,

81 1097 138 1151 aut
156 1088 225 1150 odit
243 1108 373 1169 pueros,
393 1097 449 1151 aut
467 1088 544 1151 ficta
561 1087 687 1170 paelice
704 1088 821 1169 plorat,

82 1196 240 1260 uberibus
258 1216 390 1278 semper
406 1196 551 1260 lacrimis
569 1216 766 1279 semperque
782 1196 907 1279 paratis

83 1305 117 1367 in
134 1305 281 1368 statione
298 1325 358 1368 sua
374 1314 475 1387 atque
492 1304 766 1387 exspectantibus
783 1304 883 1380 illam,

82 1434 148 1497 quo
166 1413 278 1477 iubeat
295 1433 433 1502 manare
446 1415 544 1477 modo
563 1437 569 1477 :
594 1424 631 1477 tu
649 1413 757 1477 credis
773 1433 930 1489 amorem,
1077 1427 1115 1480 275

82 1532 122 1585 tu
138 1521 201 1584 tibi
216 1531 306 1597 tunc,
326 1542 436 1598 uruca,
454 1521 566 1604 places
583 1523 768 1604 fletumque
783 1521 912 1585 labellis

84 1631 251 1706 exsorbes,
270 1650 355 1713 quae
372 1631 497 1712 scripta
513 1642 546 1693 et
564 1639 645 1713 quot
662 1630 789 1694 lecture
805 1629 952 1705 tabellas,

85 1739 114 1803 si
130 1740 192 1803 tibi
208 1739 382 1823 zelotypae
398 1749 595 1821 retegantur
611 1738 734 1802 scrinia
750 1739 918 1802 moechae.
985 1815 988 1819 ,

85 1848 144 1911 sed
161 1848 246 1912 iacet
264 1848 297 1926 in
316 1847 404 1910 servi
421 1846 649 1929 complexibus
666 1857 723 1910 aut
742 1846 874 1928 equitis.
924 1846 986 1922 dic,

86 1956 139 2019 dic
156 1956 300 2038 aliquem
318 1956 417 2018 sodes
433 1955 497 2030 hic,
518 1954 738 2038 Quintiliane,
757 1954 910 2019 colorem.
1080 1957 1119 2008 280

88 2063 303 2127 ‘haeremus’
353 2064 406 2128 dic
423 2063 504 2145 ipsa.
557 2063 649 2126 ‘olim
667 2062 889 2127 convenerat'
909 2062 1016 2144 inquit

88 2182 143 2236 ‘ut
160 2173 291 2236 faceres
308 2181 345 2234 ω
362 2172 451 2254 quod
467 2170 581 2246 velles,
599 2192 661 2235 nec
679 2192 747 2235 non
764 2191 828 2254 ego
844 2190 977 2254 possem

86 2281 261 2363 indulgere
278 2280 368 2357 mihi.
418 2280 541 2343 clames
557 2280 636 2343 licet
653 2290 687 2343 et
705 2300 796 2343 mare
812 2278 903 2343 caelo
960 2265 961 2269 ¹

86 2389 283 2463 confundas,
302 2390 402 2451 homo
419 2386 515 2452 sum)
564 2387 647 2450 nihil
665 2399 716 2451 est
734 2388 892 2452 audacius
909 2386 974 2455 illis
1000 2412 1004 2418 ·

86 2497 279 2580 deprensis;
304 2496 385 2559 iram
402 2503 503 2578 atque
520 2496 648 2573 animos
664 2517 685 2559 a
701 2496 840 2559 crimine
857 2504 1003 2559 sumunt.
1082 2499 1123 2564 ²85

132 2606 231 2668 Vnde
244 2605 325 2668 haec
338 2612 489 2667 monstra
500 2613 613 2666 tamen
630 2604 682 2667 vel
701 2625 766 2686 quo
783 2605 825 2667 de
840 2604 944 2678 fonte,
964 2599 1122 2685 requiris?

85 2714 275 2796 praestabat
293 2721 403 2776 castas
420 2712 555 2776 humilis
571 2713 708 2775 fortuna
725 2712 863 2775 Latinas

84 2823 261 2905 quondam,
280 2841 343 2884 nec
358 2820 450 2883 vitiis
468 2820 620 2902 contingi
636 2841 736 2902 parva
753 2821 907 2884 sinebant

85 2940 176 2994 tecta
191 2930 285 2993 labor
301 2928 476 3012 somnique
493 2930 611 2992 breves
629 2939 662 2992 et
680 2928 802 2992 vellere
819 2929 931 2992 Tusco

84 3049 224 3102 vexatae
241 3039 410 3120 duraeque
428 3058 546 3101 manus
563 3058 602 3101 ac
619 3037 789 3119 proximus
808 3036 881 3100 urbi
1083 3053 1126 3105 ²9⁰

86 3146 256 3210 Hannibal
274 3156 306 3210 et
325 3155 454 3209 stantes
472 3145 603 3209 Collina
618 3155 711 3209 turre
728 3145 847 3208 mariti.

84 3276 174 3319 nunc
191 3254 336 3337 patimur
352 3254 472 3337 longae
488 3254 580 3336 pacis
598 3254 693 3328 mala,
712 3254 841 3317 saevior
858 3253 958 3316 armis

84 3364 214 3428 luxuria
230 3363 382 3427 incubuit
399 3362 593 3444 victumque
611 3362 784 3426 ulciscitur
800 3363 925 3426 orbem.

84 3471 211 3536 nullum
230 3471 356 3535 crimen
373 3471 469 3534 abest
486 3470 686 3552 facinusque
701 3470 849 3534 libidinis
866 3489 906 3532 ex
923 3488 989 3552 quo
1043 3463 1048 3472 ’

84 3590 263 3664 paupertas
282 3581 435 3642 Romana
451 3579 547 3660 perit.
597 3578 675 3641 hinc
692 3578 786 3641 fluxit
803 3579 845 3640 ad
863 3579 946 3641 istos
1045 3642 1048 3648 ,
1083 3592 1126 3647 295
