2422 4006
92 274 139 323 120
512 276 716 324 IVVENALIS

91 446 149 507 sed
167 454 266 526 caput
285 445 449 507 intactum
466 444 554 507 buxo
572 463 736 525 naresque
752 444 875 524 pilosas

90 554 228 616 adnotet
246 562 279 615 et
297 553 442 634 grandes
460 552 600 615 miretur
619 552 753 614 Laelius
770 552 859 627 alas;
1100 580 1147 631 ¹95

91 662 186 724 dirue
204 662 398 723 Maurorum
416 661 570 742 attegias,
590 659 728 723 castella
745 659 955 742 Brigantum,

91 779 127 832 ut
146 769 346 849 locupletem
363 768 505 851 aquilam
524 768 587 830 tibi
605 768 833 849 sexagesimus
851 788 960 830 annus

91 878 228 941 adierat.
279 886 335 939 aut
353 877 473 958 longos
490 885 675 940 castrorum
693 876 782 938 ferre
797 875 929 938 labores

91 986 119 1047 si
137 986 228 1067 piget
243 994 276 1047 et
293 985 460 1066 trepidum
478 984 611 1047 solvunt
629 984 692 1046 tibi
709 1004 834 1047 cornua
850 993 1003 1046 ventrem

91 1115 167 1157 cum
185 1093 278 1156 lituis
296 1093 418 1168 audita,
437 1112 533 1173 pares
551 1093 639 1175 quod
656 1095 802 1155 vendere
819 1092 927 1173 possis
1096 1119 1145 1153 200

92 1201 195 1282 pluris
213 1201 360 1276 dimidio,
381 1221 443 1264 nec
460 1211 495 1264 te
510 1200 647 1263 fastidia
665 1200 784 1263 mercis

92 1309 190 1372 ullius
208 1311 351 1373 subeant
369 1309 574 1390 ablegandae
590 1309 741 1370 Tiberim
759 1309 854 1382 ultra,

92 1439 158 1480 neu
175 1418 291 1481 credas
309 1418 500 1498 ponendum
518 1417 642 1498 aliquid
659 1416 862 1479 discriminis
881 1416 969 1479 inter

92 1535 266 1608 unguenta
283 1534 315 1587 et
334 1525 479 1601 corium3
504 1524 587 1587 lucri
604 1525 712 1586 bonus
731 1534 782 1587 est
800 1525 881 1587 odor
898 1543 991 1613 effi
1042 1503 1190 1657 &aad

1030 1617 1062 1648 m
1192 1621 1203 1638 t

92 1633 250 1722 qualibet.
300 1633 354 1695 illa
370 1643 429 1695 tuo
447 1632 617 1695 sententia
634 1653 767 1714 semper
783 1632 816 1694 in
834 1652 891 1695 ore
1096 1662 1142 1712 205

92 1751 244 1805 versetur
260 1742 311 1804 dis
328 1751 429 1823 atque
446 1741 518 1822 ipso
538 1741 616 1803 Iove
633 1741 735 1822 digna
751 1749 870 1822 poeta:

94 1851 182 1913 unde
200 1851 322 1913 habeas
339 1849 468 1931 quaerit
486 1869 595 1923 nemo,
615 1850 673 1911 sed
692 1859 823 1930 oportet
841 1849 974 1912 habere.

93 1959 156 2021 hoc
174 1966 363 2021 monstrant
380 1957 512 2019 vetulae
531 1957 642 2038 pueris
660 1957 855 2040 repentibus
873 1978 977 2031 assae,

93 2067 156 2130 hoc
174 2068 306 2129 discunt
324 2086 441 2128 omnes
459 2075 537 2128 ante
555 2066 653 2147 alpha
670 2076 703 2128 et
721 2067 799 2128 beta
815 2065 966 2147 puellae'

93 2175 216 2238 talibus
233 2175 417 2237 instantem
435 2175 572 2236 monitis
590 2195 834 2256 quemcumque
852 2184 1026 2255 parentem
1096 2203 1141 2236 210

94 2285 141 2347 sic
159 2304 290 2365 possem
308 2283 435 2345 adfari:
463 2283 544 2357 ‘dic,
564 2304 583 2344 o
600 2282 790 2356 vanissime,
810 2283 885 2364 quis
903 2292 937 2345 te

92 2392 255 2455 festinare
272 2391 384 2453 iubet?
433 2391 605 2453 meliorem
623 2401 757 2472 praesto
775 2392 934 2473 magistro

93 2500 303 2581 discipulum.
354 2520 491 2563 securus
509 2500 582 2562 abi:
607 2499 751 2562 vinceris
770 2508 806 2562 ut
824 2499 912 2562 Aiax

93 2609 263 2691 praeteriit
280 2608 507 2682 Telamonem,
528 2618 563 2670 ut
583 2607 680 2670 Pelea
697 2608 775 2670 vicit
794 2607 955 2670 Achilles.

93 2717 296 2800 parcendum
315 2724 367 2779 est
384 2717 520 2790 teneris,
540 2717 688 2778 nondum
707 2715 887 2796 implevere
905 2716 1068 2780 medullas
1095 2743 1140 2795 215

93 2835 242 2889 maturae
260 2824 346 2887 mala
363 2824 540 2906 nequitiae.
590 2845 664 2886 curn
683 2833 818 2904 pectere
836 2825 971 2887 barbam

94 2934 239 3014 coeperit
257 2942 289 2995 et
307 2933 399 3014 longi
417 2953 610 2995 mucronem
627 2932 805 2994 admittere
822 2931 928 3004 cultri,

93 3042 198 3105 falsus
216 3041 279 3104 erit
296 3041 403 3114 testis,
422 3041 546 3102 vendet
564 3040 707 3121 periuria
725 3061 855 3102 summa

94 3151 213 3232 exigua
230 3159 264 3212 et
282 3148 414 3212 Cereris
431 3158 576 3230 tangens
593 3169 750 3230 aramque
765 3149 962 3229 pedemque.

44 3283 49 3297 ·
94 3259 215 3322 elatam
233 3257 297 3320 iam
316 3258 413 3320 crede
430 3278 560 3332 nurum,
580 3256 609 3319 si
625 3257 741 3319 limina
757 3265 869 3319 vestra
1094 3284 1140 3318 220

75 3423 77 3425 ,
94 3367 268 3429 mortifera
285 3387 361 3429 cum
378 3367 457 3428 dote
474 3365 576 3429 subit.
625 3365 745 3447 quibus
763 3363 819 3427 illa
835 3373 1005 3445 premetur

93 3496 153 3556 per
170 3495 324 3538 somnum
342 3474 479 3556 digitis?
528 3494 605 3535 nam
622 3493 707 3554 quae
724 3481 879 3554 terraque
897 3472 1045 3553 marique

94 3583 297 3666 adquirenda
314 3591 422 3662 putas,
440 3580 573 3644 brevior
590 3581 643 3643 via
661 3581 812 3644 conferet
830 3580 896 3655 illi;
