2422 4006
78 276 112 327 46
502 278 706 327 lVVENALIS

82 445 385 509 Laomedontiades
402 456 436 509 et
455 446 612 510 Nestoris
629 447 744 509 hirnea
759 446 877 528 possit.

80 562 161 617 tunc
178 553 312 635 prurigo
330 573 442 617 morae
459 554 645 635 impatiens,
665 563 736 617 tum
753 554 881 617 femina
897 554 1044 637 simplex,

80 682 118 725 ac
135 661 259 744 pariter
275 670 348 725 toto
365 662 530 744 repetitus
547 661 672 726 clamor
687 663 729 726 ab
746 672 843 726 antro

83 770 165 832 ‘iam
182 770 234 833 fas
251 780 312 845 est,
331 771 472 834 admitte
489 769 598 834 viros'
648 771 713 843 iam
731 770 854 834 dormit
869 771 1020 837 adulter:

81 878 137 941 illa
153 879 245 942 iubet
262 888 397 961 sumpto
415 879 568 943 iuvenem
585 898 763 962 properare
780 880 912 944 cucullo
929 902 937 958 ;
1073 898 1112 950 330

82 988 109 1050 si
126 986 208 1049 nihil
226 997 287 1062 est,
306 988 412 1051 servis
429 988 609 1051 incurritur
624 1009 631 1064 ;
656 988 833 1052 abstuleris
851 1009 945 1070 spem

82 1115 262 1171 servorum,
279 1097 371 1158 venit
389 1105 423 1159 et
440 1098 626 1160 conductus
644 1096 796 1178 aquarius
812 1117 819 1174 ;
846 1097 900 1161 hic
917 1098 946 1161 si

82 1203 253 1287 quaeritur
269 1214 303 1267 et
320 1206 443 1268 desunt
461 1206 623 1280 homines,
642 1225 734 1268 mora
751 1206 843 1268 nulla
859 1226 919 1288 per
935 1207 1040 1289 ipsam

83 1333 148 1395 quo
165 1313 450 1395 minusrimposito
464 1306 599 1376 'clunem
618 1313 804 1377 summittat
822 1314 935 1379 asello

83 1430 183 1503 atque
201 1422 328 1484 utinam
345 1421 429 1485 ritus
446 1432 579 1485 veteres
596 1432 630 1485 et
647 1422 781 1504 publica
798 1418 927 1486 saltem'
1078 1438 1118 1493 335

85 1530 136 1593 his
154 1530 281 1593 intacta
298 1531 392 1593 malis
409 1539 592 1612 agerentur
608 1551 711 1605 sacra,
730 1531 788 1593 sed
806 1550 923 1594 omnes

84 1648 250 1701 noverunt
268 1639 379 1701 Mauri
396 1648 496 1720 atque
516 1639 591 1702 Indi
608 1659 693 1721 quae
710 1639 845 1720 psaltria
863 1659 982 1721 penem

85 1747 242 1810 maiorem
260 1768 359 1829 quam
378 1758 456 1810 sunt
473 1748 539 1810 duo
558 1747 710 1811 Caesaris
728 1747 963 1823 Anticatones,

86 1855 172 1928 illuc,
192 1856 341 1918 testiculi
358 1856 420 1918 sibi
437 1857 593 1919 conscius
612 1857 700 1918 unde
716 1855 804 1937 fugit
822 1876 906 1931 mus,

86 1963 246 2038 intulerit,
265 1964 323 2026 ubi
338 1963 440 2026 velari
457 1964 587 2044 pictura
604 1964 737 2027 iubetur
1083 1981 1122 2034 340

86 2091 314 2154 quaecumque
331 2071 468 2135 alterius
486 2092 585 2135 sexus
603 2073 732 2135 imitata
748 2073 881 2154 figuras.

86 2189 120 2242 et
137 2180 211 2262 quis
228 2189 309 2243 tunc
326 2181 499 2243 hominum
516 2191 728 2262 contemptor
745 2181 915 2243 numinis?
947 2190 1005 2244 aut
1022 2181 1093 2264 quis

87 2289 286 2370 simpuvium
306 2288 413 2351 ridere
432 2290 563 2352 Numae
580 2289 779 2371 nigrumque
801 2289 949 2351 catinum

87 2405 120 2459 et
137 2397 302 2460 Vaticano
319 2397 455 2479 fragiles
473 2398 514 2460 de
531 2408 646 2460 monte
663 2397 803 2478 patellas

87 2526 187 2568 ausus
206 2506 300 2568 erat?
326 2506 384 2568 sed
402 2527 491 2568 nunc
508 2507 549 2568 ad
567 2527 649 2587 quas
667 2526 734 2568 non
753 2505 890 2569 Clodius
907 2506 1005 2568 aras?
1084 2520 1124 2577 345

133 2614 246 2677 Audio
259 2614 338 2695 quid
354 2623 486 2676 veteres
504 2613 580 2676 olim
600 2614 765 2676 moneatis
782 2613 880 2676 amici
897 2635 904 2676 :

89 2735 195 2803 ‘pone
211 2743 329 2797 seram,
348 2721 509 2803 prohibe’
559 2723 618 2785 sed
635 2723 708 2803 quis
726 2723 893 2784 custodiet
911 2721 1003 2803 ipsos

87 2831 269 2894 custodes?
295 2840 392 2894 cauta
408 2840 459 2892 est
478 2841 511 2893 et
530 2832 571 2893 ab
589 2830 653 2893 illis
670 2829 787 2910 incipit
805 2851 896 2895 uxor.

88 2938 219 3020 iamque
236 2939 351 3001 eadem
369 2939 508 3001 summis
526 2938 650 3020 pariter
667 2938 880 3020 minimisque
895 2937 1008 3014 libid0,

87 3067 149 3109 nec
166 3046 284 3109 melior
300 3047 427 3109 silicem
445 3047 585 3127 pedibus
603 3067 688 3128 quae
705 3043 848 3109 conterit
866 3056 975 3109 atrum
1083 3064 1127 3118 350
1159 3122 1161 3131 Ι

88 3175 186 3237 quam
203 3175 287 3237 quae
304 3155 480 3236 longorum
497 3155 631 3217 vehitur
648 3155 777 3218 cervice
796 3154 965 3237 Syrorum.

132 3263 179 3325 Vt
197 3273 327 3344 spectet
344 3263 441 3326 ludos
459 3264 614 3326 conducit
634 3263 783 3345 Ogulnia
799 3272 938 3339 vestem,

88 3371 244 3435 conducit
262 3372 401 3434 comites
419 3372 533 3434 sellam
552 3371 690 3434 cervical
709 3372 831 3434 amicas

88 3480 253 3542 nutricem
271 3489 303 3542 et
321 3480 439 3542 flavam
457 3480 509 3543 cui
527 3481 584 3542 det
601 3480 758 3543 mandata
775 3479 928 3560 puellam.

88 3588 170 3650 haec
187 3596 300 3649 tamen
318 3587 449 3668 argenti
467 3597 620 3668 superest
637 3588 870 3668 quodcumque
887 3588 1018 3668 paterni
1084 3606 1130 3659 355
