2422 4006
500 277 645 325 SATVRA
672 278 710 326 XI

84 455 237 529 spectant
254 446 316 510 hoc
334 456 459 527 nuptae
476 445 568 518 iuxta
584 446 765 509 recubante
783 446 911 522 marito,

82 555 169 638 quod
186 555 309 636 pudeat
326 574 460 617 narrare
476 553 619 635 aliquem
631 554 870 636 'praesentibus
888 555 978 637 ipsis,

82 662 332 726 inritamentum
351 663 483 726 veneris
501 663 691 745 languentis
709 673 743 726 et
759 683 853 727 acres

81 771 193 834 divitis
212 771 357 848 urticae;
381 771 485 834 maior
501 780 615 834 tamen
633 771 698 834 ista
713 771 868 854 voluptas

80 880 218 943 alterius
236 900 345 955 sexus
364 880 471 963 magis
489 879 544 943 ille
561 881 762 956 extenditur,
782 890 815 943 et
833 901 910 943 mox

80 988 217 1052 auribus
234 998 335 1070 atque
352 987 457 1051 oculis
475 998 638 1070 concepta
655 988 752 1051 urina
768 999 930 1052 movetur.

81 1116 148 1159 non
167 1096 255 1178 capit
273 1097 333 1160 has
350 1117 456 1179 nugas
474 1096 608 1160 humilis
625 1098 754 1160 domus,
804 1097 915 1160 audiat
933 1096 988 1160 ille

80 1213 246 1267 testarum
263 1205 409 1286 crepitus
426 1225 501 1267 curn
518 1205 638 1279 verbis,
658 1207 783 1268 nudum
801 1205 889 1268 olido
907 1215 999 1269 stans

79 1312 211 1376 fornice
227 1312 427 1395 mancipium
445 1313 567 1395 quibus
583 1314 742 1388 abstinet,
762 1313 817 1376 ille
833 1314 965 1377 fruatur

81 1528 138 1611 qui
157 1529 459 1593 Lacedaemonium
477 1530 659 1614 pytismate
675 1508 816 1594 lubricat
834 1532 967 1607 orbem;

80 1657 225 1719 namque
242 1637 288 1700 ibi
304 1637 458 1700 fortunae
475 1639 606 1700 veniam
623 1640 750 1702 damus,
799 1639 871 1702 alea
887 1640 1005 1721 turpis,

80 1755 180 1827 turpe
197 1755 230 1807 et
247 1745 447 1808 adulterium
464 1745 707 1809 mediocribus:
732 1748 814 1809 haec
831 1747 945 1809 eadem
964 1746 1010 1810 illi

81 1853 194 1916 omnia
210 1874 285 1917 cum
302 1853 437 1928 faciant,
456 1854 577 1917 hilares
595 1854 759 1936 nitidique
775 1865 946 1918 vocantur.

81 1971 197 2025 nostra
213 1962 340 2025 dabunt
357 1961 439 2025 alios
456 1962 555 2025 hodie
571 1962 720 2025 convivia
736 1962 851 2026 ludos:

81 2070 234 2133 conditor
251 2069 374 2133 Iliados
392 2070 581 2134 cantabitur
597 2080 699 2152 atque
716 2071 866 2134 Maronis

81 2178 217 2242 altisoni
233 2179 366 2242 dubiam
383 2178 543 2241 facientia
559 2179 706 2242 carmina
723 2179 877 2261 palmam.

81 2287 160 2369 quid
178 2287 280 2350 refert
298 2286 383 2350 tales
400 2307 516 2350 versus
534 2308 599 2369 qua
615 2308 696 2351 voce
714 2287 892 2370 legant-ur?

129 2394 197 2459 Sed
215 2416 303 2459 nunc
320 2395 431 2459 dilatis
447 2406 561 2458 averte
578 2396 714 2478 negotia
731 2396 819 2460 curis

82 2513 115 2567 et
132 2513 261 2586 gratam
280 2504 428 2586 requiem
444 2505 531 2567 dona
549 2505 629 2567 tibi:
653 2505 786 2586 quando
803 2505 924 2568 licebat

82 2632 142 2693 per
157 2621 268 2675 totum
285 2632 419 2676 cessare
435 2613 548 2675 diem?
596 2633 663 2674 non
680 2612 828 2676 faenoris
845 2613 912 2676 ulla

83 2720 209 2783 mentio
226 2740 298 2795 nec,
316 2720 423 2802 prima
440 2721 467 2783 si
485 2721 559 2784 luce
577 2741 713 2802 egressa
730 2721 852 2784 reverti

82 2838 182 2892 nocte
199 2828 295 2904 solet,
313 2828 416 2892 tacito
434 2829 534 2891 bilem
552 2830 613 2891 tibi
631 2830 807 2892 contrahat
823 2850 905 2893 uxor

83 2937 195 3000 umida
212 2937 378 3018 suspectis
395 2937 546 3001 referens
563 2938 711 3001 multicia
728 2938 820 3020 rugis

82 3053 284 3127 vexatasque
301 3066 412 3109 comas
431 3055 464 3108 et
481 3045 610 3109 vultum
629 3067 808 3128 auremque
825 3047 999 3110 calentem.

82 3152 235 3234 protinus
251 3163 330 3216 ante
347 3174 457 3216 meum
474 3154 634 3237 quidquid
651 3154 742 3218 dolet
759 3175 842 3217 exue
859 3154 970 3229 limen,

82 3281 170 3343 pone
186 3262 320 3324 domurn
338 3271 372 3324 et
389 3282 503 3325 servos
521 3273 554 3325 et
572 3263 733 3345 quidquid
749 3263 916 3345 frangitur
933 3264 997 3327 illis

82 3378 139 3432 aut
156 3369 252 3451 perit,
271 3370 421 3452 ingratos
439 3381 517 3433 ante
534 3372 645 3433 omnia
661 3391 749 3452 pone
766 3371 907 3436 sodales.

82 3477 211 3542 interea
228 3478 473 3561 Megalesiacae
490 3479 681 3560 spectacula
697 3501 836 3562 mappae

83 3585 219 3649 Idaeum
239 3586 399 3649 sollemne
417 3587 541 3659 colunt,
561 3587 744 3669 similisque
761 3589 931 3670 triumpho
