2422 4006
490 288 636 336 SATVRA
662 288 700 335 Vl
1087 287 1118 338 57

67 477 138 520 non
155 456 254 520 aliter
270 461 368 539 quam
387 455 416 518 si
431 455 570 519 fecisset
590 456 674 519 luno
691 456 847 519 maritum
1069 462 1119 530 ⁶55

65 565 236 628 insanum.
285 564 396 627 minus
409 583 489 646 ergo
506 583 631 626 nocens
649 563 713 626 erit
731 562 940 646 Agrippinae
1047 572 1116 637 (620)

66 673 213 748 boletus,
234 671 398 754 siquidem
417 672 516 735 unius
534 672 727 752 praecordia
744 673 865 754 pressit

66 781 124 844 ille
143 781 236 844 senis
251 780 499 862 tremulumque
517 790 617 863 caput
635 781 840 844 descendere
857 781 953 843 iussit

65 890 100 952 in
119 890 251 953 caelum
269 898 303 952 et
320 888 419 971 longa
436 890 606 953 manantia
622 889 715 952 labra
731 889 841 953 saliva.

66 999 153 1062 haec
170 998 279 1080 poscit
295 998 421 1061 ferrum
437 1008 539 1081 atque
553 998 657 1081 ignes,
672 999 756 1062 haec
773 998 866 1080 potio
878 1007 1022 1081 torquet,
1069 1006 1119 1056 660

66 1106 153 1170 haec
169 1106 294 1170 lacerat
310 1107 433 1170 mixtos
451 1108 600 1189 equitum
618 1128 693 1170 cum
712 1107 875 1190 sanguine
892 1116 1015 1188 patres.
1046 1114 1115 1180 (625)

65 1214 156 1276 tanti
170 1223 285 1296 partus
302 1235 417 1297 equae,
436 1216 522 1279 tanti
539 1237 605 1279 una
621 1216 769 1280 venefica
786 1225 927 1282 constat.

118 1321 275 1386 Oderunt
292 1333 389 1386 natos
406 1325 449 1386 de
465 1324 611 1405 paelice;
636 1344 733 1386 nemo
751 1334 925 1407 repugnet,

67 1450 171 1493 nemo
188 1440 288 1506 vetet,
308 1431 373 1494 iam
391 1431 455 1494 iam
473 1432 661 1514 privignum
679 1433 832 1496 occidere
847 1433 899 1496 ias
916 1442 978 1496 est.

68 1558 129 1601 vos
147 1558 221 1621 eg0,
240 1539 365 1621 pupilli,
383 1559 513 1615 moneo,
532 1540 653 1623 quibus
669 1541 808 1622 amplior
825 1550 876 1604 est
893 1561 956 1616 res,
1068 1548 1116 1613 665

70 1646 241 1710 custodite
257 1647 385 1710 animas
403 1641 436 1710 et
455 1648 538 1710 nulli
548 1649 682 1739 ,credite
698 1668 843 1723 mensae,
1044 1655 1114 1720 (630)

71 1754 172 1818 livida
189 1765 340 1818 materno
357 1756 489 1819 fervent
506 1757 640 1838 adipata
655 1776 795 1820 veneno

70 1865 221 1927 mordeat
238 1873 317 1926 ante
333 1863 452 1946 aliquis
469 1864 629 1946 quidquid
646 1866 830 1946 porrexerit
848 1865 903 1929 illa

71 1992 156 2054 quae
173 1972 313 2054 peperit,
332 1973 471 2035 timidus
488 1982 683 2056 praegustet
700 1973 820 2055 pocula
836 1994 947 2055 papas.

71 2081 228 2163 fingimus
246 2081 328 2145 haec
344 2081 448 2144 altum
467 2091 579 2144 satura
596 2092 750 2145 sumente
767 2083 964 2146 cothurnum
1068 2089 1116 2148 670

72 2188 210 2265 scilicet,
229 2199 262 2252 et
279 2191 380 2252 finem
398 2190 525 2274 egressi
542 2191 719 2273 legemque
736 2191 881 2273 priorum
1044 2197 1113 2262 (635)

71 2298 196 2379 grande
215 2297 403 2379 Sophocleo
421 2285 555 2362 carmen
573 2300 774 2362 bacchamur
791 2299 894 2374 hiatu,

73 2406 242 2468 montibus
260 2407 412 2488 ignotum
432 2404 568 2470 Rutulis
586 2407 745 2490 caeloque
764 2407 909 2470 Latino?

72 2533 131 2576 nos
150 2514 278 2577 utinam
296 2516 382 2578 vani.
432 2516 490 2578 sed
507 2515 628 2579 clamat
646 2516 764 2579 Pontia
783 2515 874 2594 ‘leci

72 2623 242 2698 confiteor,
260 2624 438 2705 puerisque
455 2624 538 2687 meis
555 2625 687 2687 aconita
703 2625 825 2705 paravi,
1066 2631 1115 2696 675

71 2750 154 2811 quae
167 2731 333 2812 deprensa
345 2741 461 2813 patent
474 2753 482 2809 ;
505 2733 637 2795 facinus
651 2742 764 2794 tamen
777 2733 848 2814 ipsa
860 2732 995 2814 peregi.'
1044 2739 1114 2803 (640)

72 2848 152 2901 tune
168 2840 253 2902 duos
270 2860 345 2915 una,
365 2840 558 2903 saevissima
574 2841 696 2922 vipera,
716 2841 820 2903 cena?
878 2825 880 2828 Α

72 2955 152 3010 tune
168 2948 277 3011 duos?
305 2959 462 3031 ‘septem
482 2951 510 3013 si
526 2960 655 3032 septem
672 2950 760 3012 forte
777 2948 943 3013 fuissent’

71 3056 245 3119 credamus
263 3057 398 3139 tragicis
415 3059 575 3141 quidquid
591 3060 632 3122 de
651 3058 810 3122 Colchide
827 3067 922 3120 torva

71 3165 192 3229 dicitur
209 3176 242 3228 et
262 3167 402 3250 Progne,
420 3169 467 3231 nil
485 3179 601 3232 contra
618 3190 729 3234 conor.
779 3177 813 3230 et
830 3166 906 3229 illae
1067 3174 1116 3224 680

71 3275 209 3356 grandia
225 3286 376 3340 monstra
392 3277 461 3340 suis
477 3279 644 3341 audebant
661 3277 877 3358 temporibus,
897 3277 956 3339 sed
1044 3283 1114 3349 (645)

71 3403 136 3446 non
153 3393 291 3466 propter
306 3405 461 3448 nummos
475 3407 481 3462 ;
507 3387 615 3449 minor
631 3387 805 3450 admiratio
823 3386 962 3455 summis

70 3491 211 3555 debetur
228 3493 396 3556 monstris.
446 3495 603 3576 quotiens
619 3495 701 3558 facit
719 3496 767 3558 ira
783 3505 944 3559 nocentes

70 3599 158 3664 bunc
176 3620 302 3675 sexum,
322 3601 413 3664 rabie
430 3602 520 3666 iecur
537 3603 739 3666 incendente
756 3604 910 3667 feruntur
