2422 4006
84 288 114 336 18
504 286 706 334 IVVENALIS

83 455 111 518 si
128 465 206 538 toga
223 453 390 517 sordidula
408 461 459 516 est
477 461 511 515 et
529 462 626 535 rupta
642 451 772 517 calceus
789 454 874 517 alter

82 562 168 646 pelle
185 570 287 645 patet,
307 560 359 624 vel
377 561 404 624 si
422 569 563 624 consuto
581 560 716 624 vulnere
734 582 882 625 crassum
1077 585 1125 636 150

82 681 182 755 atque
200 690 316 734 recens
333 668 438 732 linum
457 669 604 732 ostendit
624 689 690 732 non
709 690 775 732 una
788 670 948 734 cicatrix?

82 779 128 841 nil
145 779 245 842 habet
263 776 379 841 infelix
396 786 574 859 paupertas
593 777 709 841 durius
727 778 760 840 in
779 798 815 841 se
852 829 856 835 .

82 909 179 970 quarn
196 887 284 970 quod
302 886 456 950 ridiculos
474 886 625 948 homines
641 886 731 950 facit.
785 886 919 950 ‘exeat’
939 888 1045 970 inquit

84 997 130 1059 ‘si
146 997 252 1078 pudor
269 1005 330 1070 est,
350 1004 383 1058 et
401 996 442 1058 de
459 994 595 1077 pulvino
612 1005 727 1077 surgat
745 996 892 1077 equestri
1084 976 1087 980 ⁵

82 1105 176 1168 cuius
193 1124 246 1167 res
264 1104 330 1186 legi
347 1124 414 1167 non
432 1103 565 1180 sufficit,
585 1112 618 1166 et
636 1105 774 1166 sedeant
793 1105 846 1168 hic
1078 1123 1125 1176 155

82 1215 240 1277 lenonum
257 1213 351 1293 pueri
369 1232 580 1295 quocumque
597 1233 638 1275 ex
653 1212 782 1276 fornice
800 1213 878 1288 nati,

82 1322 135 1386 hic
153 1322 287 1404 plaudat
304 1321 401 1384 nitidi
419 1321 595 1402 praeconis
613 1321 700 1383 lilius
717 1321 805 1384 inter

82 1430 247 1512 pinnirapi
264 1429 372 1511 cultos
390 1429 527 1492 iuvenes
546 1429 750 1512 iuvenesque
767 1428 927 1492 lanistae’

82 1539 130 1601 sic
147 1538 278 1600 libitum
295 1557 389 1612 van0,
409 1537 466 1620 qui
483 1558 544 1600 nos
562 1537 724 1611 distinxit,
745 1537 882 1601 Othoni.

81 1647 154 1729 quis
172 1667 275 1728 gener
292 1646 346 1710 hic
363 1646 485 1728 placuit
501 1666 604 1709 censu
622 1646 731 1709 minor
747 1656 848 1728 atque
864 1646 993 1727 puellae
1078 1653 1125 1703 160

82 1755 256 1819 sarcinulis
272 1755 401 1837 impar?
434 1754 508 1836 quis
525 1775 651 1836 pauper
668 1754 825 1818 scribitur
842 1754 964 1817 heres?

81 1864 212 1946 quando
229 1863 262 1926 in
281 1863 418 1927 consilio
436 1872 488 1926 est
505 1863 690 1926 aedilibus?
724 1862 856 1945 agmine
872 1863 964 1925 facto

81 1973 265 2035 debuerant
283 1964 361 2034 olim
378 1981 497 2034 tenues
515 1971 675 2053 migrasse
695 1971 854 2053 Quirites.

82 2082 169 2144 haud
185 2080 283 2144 facile
301 2089 477 2163 emergunt
495 2100 634 2163 quorum
652 2079 832 2142 virtutibus
849 2090 962 2161 opstat

81 2210 134 2253 res
151 2198 295 2272 angusta
312 2190 409 2264 domi,
430 2190 488 2252 sed
507 2189 635 2251 Romae
651 2188 764 2251 durior
781 2187 845 2250 illis
1078 2196 1124 2260 165

81 2307 240 2362 conatus:
264 2318 385 2379 magno
401 2297 583 2379 hospitium
601 2295 799 2371 miserabile,
818 2317 940 2378 magno

82 2427 251 2469 servorum
268 2415 412 2480 ventreS,
432 2415 465 2468 et
482 2406 572 2487 frugi
588 2405 708 2468 cenula
723 2425 854 2486 magno.

83 2514 238 2581 fictilibus
256 2534 375 2578 cenare
392 2515 504 2596 pudet,
524 2514 612 2596 quod
629 2522 727 2595 turpe
744 2513 882 2595 negabis

83 2622 263 2686 translatus
281 2622 392 2685 subito
409 2624 450 2685 ad
469 2623 601 2685 Marsos
619 2640 836 2703 mensamque
855 2620 1022 2685 Sabellam

82 2740 327 2814 contentusque
345 2731 410 2794 illic
427 2730 561 2793 Veneto
579 2731 728 2812 duroque
748 2729 887 2793 cucullo.
1077 2755 1124 2803 170

81 2861 156 2921 pars
174 2860 295 2923 magna
312 2839 427 2902 Italiae
445 2847 505 2913 est,
526 2838 553 2901 si
570 2858 685 2901 verum
702 2837 919 2912 admittimus
939 2838 970 2900 in
990 2860 1055 2921 qua

81 2969 178 3011 nemo
195 2957 308 3031 togam
326 2948 427 3011 sumit
447 2947 510 3009 nisi
528 2956 689 3010 mortuus.
739 2947 810 3028 ipsa
826 2946 954 3009 dierum

81 3057 243 3121 festorum
261 3057 403 3120 herboso
420 3056 541 3120 colitur
557 3055 586 3118 si
603 3055 735 3138 quando
753 3055 884 3118 theatro

80 3166 236 3229 maiestas
253 3166 455 3247 tandemque
472 3164 557 3226 redit
574 3165 615 3226 ad
632 3163 759 3246 pulpita
776 3172 892 3226 notum

80 3275 242 3349 exodium,
262 3295 336 3338 curn
355 3292 516 3356 personae
532 3272 687 3354 pallentis
705 3271 833 3335 hiatum

81 3386 114 3447 in
131 3383 259 3467 gremio
274 3383 392 3446 matris
409 3381 566 3446 formidat
584 3381 730 3444 rusticus
747 3381 867 3455 infans,

79 3493 234 3576 aequales
252 3492 385 3556 habitus
404 3490 470 3554 illic
488 3489 680 3572 similesque
696 3489 824 3553 videbis

80 3601 284 3664 orchestram
303 3610 336 3663 et
354 3599 522 3682 populum,
542 3597 621 3661 clari
637 3597 789 3660 velamen
806 3598 942 3661 honoris
