2422 4006
98 301 129 349 28
519 302 722 349 IVVENALIS

100 490 165 531 non
184 470 272 532 cedit
289 470 444 544 Veiento,
464 470 521 531 sed
540 479 575 530 ut
593 469 760 531 fanaticus
778 478 889 530 oestro

98 597 286 658 percussus,
307 577 452 651 Bellona,
471 587 530 639 tuo
547 576 673 639 divinat
692 586 724 638 et
745 576 883 657 ‘ingens

99 706 196 749 omen
214 685 335 748 habes’
356 685 462 766 inquit
483 685 613 767 ‘magni
631 685 776 767 clarique
793 684 963 766 triumphi.
1098 704 1146 756 ¹25

99 814 211 875 regem
229 793 371 875 aliquem
389 793 509 873 capies,
528 803 584 855 aut
602 794 643 855 de
660 803 796 855 temone
814 793 975 854 Britanno

100 902 229 965 excidet
248 902 442 984 Aruiragus.
494 902 668 983 peregrina
686 912 736 963 est
754 900 861 974 belua,
881 900 991 963 cernis

99 1019 228 1073 erectas
245 1011 279 1072 in
297 1020 392 1092 terga
410 1012 509 1072 sudes
521 1009 551 1071 ?’
601 1011 664 1072 hoc
682 1010 788 1072 defuit
807 1029 908 1071 unum

101 1119 262 1194 Fabrici0,
282 1119 422 1200 patriam
441 1128 476 1181 ut
495 1119 625 1181 rhombi
642 1128 841 1180 memoraret
859 1127 892 1179 et
910 1137 1025 1180 annos.

102 1226 277 1308 ‘quidnam
295 1227 398 1308 igitur
412 1227 553 1290 censes?
583 1226 791 1288 conciditur?
805 1225 811 1247 ’
846 1225 951 1288 ‘absit
964 1225 1006 1287 ab
1019 1224 1075 1287 illo
1095 1246 1144 1295 130

99 1335 244 1397 dedecus
261 1333 341 1397 hoc'
362 1335 545 1397 Montanus
564 1336 608 1397 ait
623 1357 628 1408 3
653 1344 759 1396 ‘testa
776 1333 843 1396 alta
860 1343 1003 1414 paretur,

100 1464 183 1524 quae
200 1443 294 1505 tenui
311 1464 404 1505 muro
423 1443 606 1525 spatiosum
624 1442 759 1524 colligat
778 1443 902 1505 orbem.

99 1552 240 1614 debetur
257 1572 398 1633 magnus
416 1552 548 1633 patinae
567 1551 765 1632 subitusque
783 1551 1011 1613 Prometheus.

99 1659 247 1741 argillam
263 1669 363 1741 atque
380 1670 486 1722 rotam
503 1660 602 1722 citius
620 1669 804 1740 properate,
825 1659 883 1720 sed
901 1679 941 1720 cx
957 1659 1020 1721 hoc

100 1776 250 1848 tempore
268 1767 341 1841 iam,
362 1767 491 1840 Caesar,
513 1767 604 1848 figuli
622 1776 680 1829 tua
697 1777 806 1829 castra
823 1763 1025 1846 sequantur!
1092 1784 1141 1835 135

100 1875 177 1938 vicit
195 1875 297 1957 digna
314 1876 384 1937 viro
403 1875 580 1938 sententia.
631 1884 768 1937 noverat
787 1874 842 1936 ille

100 1983 261 2046 luxuriam
280 1983 409 2065 imperii
426 1993 573 2045 veterem
592 1993 775 2064 noctesque
794 1983 940 2044 Neronis

100 2091 165 2154 iam
184 2091 309 2154 medias
327 2090 491 2172 aliamque
508 2091 640 2166 famem,
662 2112 735 2154 cum
755 2090 867 2172 pulmo
888 2089 1030 2153 Falerno

100 2201 241 2263 arderet.
291 2199 372 2262 nulli
391 2199 494 2261 maior
510 2199 573 2262 fuit
593 2220 674 2261 usus
692 2199 812 2262 edendi

100 2317 301 2390 tempestate
319 2328 413 2384 mea;
440 2308 566 2370 Circeis
584 2317 663 2370 nata
679 2308 790 2369 forent
808 2328 850 2369 an

103 2416 286 2480 Lucrinum
304 2417 344 2478 ad
363 2436 477 2478 saxum
498 2417 713 2497 Rutupinove
731 2416 821 2478 edita
836 2415 941 2478 fundo

101 2535 211 2587 ostrea
228 2509 368 2587 callebat
387 2525 493 2605 primo
511 2525 716 2605 deprendere
734 2545 855 2599 morsu,

101 2643 134 2695 et
153 2632 256 2696 semel
273 2633 400 2714 aspecti
418 2632 497 2695 litus
514 2633 645 2696 dicebat
663 2633 782 2695 echini.

101 2741 250 2823 surgitur
267 2750 300 2803 et
318 2740 420 2803 misso
438 2761 593 2822 proceres
612 2741 701 2803 exire
718 2742 874 2804 iubentur

100 2849 248 2923 consilio,
268 2870 351 2931 quos
369 2848 537 2912 Albanam
555 2850 622 2912 dux
639 2870 781 2931 magnus
799 2849 833 2910 in
850 2868 960 2912 arcem
1099 2869 1145 2922 145

99 2967 243 3020 traxerat
261 2958 425 3019 attonitos
443 2967 475 3020 et
492 2958 656 3021 festinare
674 2967 807 3020 coactos

100 3077 267 3148 tamquam
286 3066 327 3127 de
347 3066 480 3129 Chattis
496 3066 619 3148 aliquid
638 3066 808 3147 torvisque
827 3065 1019 3149 Sycambris

100 3175 259 3249 dicturus,
279 3184 447 3256 tamquam
467 3195 506 3236 ex
523 3174 663 3238 diversis
681 3174 831 3256 partibus
849 3173 938 3237 orbis

99 3282 196 3345 anxia
213 3282 388 3364 praecipiti
405 3283 553 3346 venisset
572 3283 715 3364 epistula
732 3282 844 3364 pinna.

99 3400 199 3473 atque
216 3391 345 3454 utinam
362 3391 414 3454 his
432 3391 543 3472 potius
562 3392 660 3473 nugis
676 3400 750 3453 tota
767 3390 822 3454 illa
838 3390 986 3454 dedisset
1099 3411 1145 3463 150

99 3510 251 3581 tempora
268 3499 436 3575 saevitiae,
457 3499 561 3564 claras
578 3500 700 3582 quibus
717 3499 855 3563 abstulit
872 3500 946 3562 urbi

100 3608 326 3689 inlustresque
343 3609 470 3671 animas
488 3607 624 3689 impune
642 3617 675 3670 et
693 3607 825 3671 vindice
843 3607 944 3671 nullo
