2422 4006
114 280 161 329 112
532 283 735 332 IVVENALIS

114 459 146 511 et
164 450 314 530 quamvis
331 451 431 531 longa
447 452 600 514 deductis
617 462 719 533 gente
736 453 941 536 propinquis.

113 558 173 621 has
191 558 317 639 patitur
332 579 457 639 poenas
475 560 635 640 peccandi
652 560 723 623 sola
739 561 904 625 voluntas

113 687 190 728 nam
208 667 318 729 scelus
335 667 423 730 intra
440 687 476 730 se
493 667 632 730 tacitum
650 669 705 750 qui
722 669 848 751 cogitat
866 670 981 745 ullum,

112 774 194 837 facti
212 774 336 837 crimen
355 775 476 838 habet:
502 777 583 838 cedo
601 777 629 838 si
646 786 766 840 conata
782 779 921 860 peregit.

114 892 275 964 perpetua
291 883 441 946 anxietas
459 903 522 946 nec
539 903 675 946 mensae
692 894 843 966 tempore
860 897 970 949 cessat

113 991 267 1054 faucibus
284 1000 321 1053 ut
339 992 455 1054 morbo
473 992 570 1054 siccis
588 992 741 1075 interque
758 994 898 1057 molares

113 1099 239 1162 difficili
256 1110 429 1162 crescente
447 1100 531 1174 cibo,
551 1101 609 1162 sed
626 1101 704 1163 vina
720 1101 868 1165 misellus

114 1207 256 1288 exspuit,
275 1208 401 1270 Albani
419 1208 542 1270 veteris
559 1209 706 1290 pretiosa
723 1220 879 1273 senectus

114 1315 287 1395 displicet;
312 1316 471 1378 ostendas
488 1316 617 1391 melius
635 1316 835 1380 densissima
852 1339 934 1400 ruga

114 1424 244 1505 cogitur
262 1424 294 1485 in
312 1423 458 1486 frontem
475 1424 564 1486 velut
582 1424 649 1487 acri
666 1425 767 1488 ducta
784 1425 935 1505 Falerno

115 1542 214 1595 nocte
231 1533 365 1595 brevem
384 1532 412 1594 si
425 1532 513 1594 forte
531 1533 667 1595 indulsit
686 1554 765 1596 cura
781 1554 934 1615 soporem

115 1650 148 1702 et
165 1650 237 1702 toto
254 1649 387 1703 versata
402 1650 477 1703 toro
495 1641 559 1703 iam
577 1641 727 1704 membra
743 1641 932 1723 quiescunt,

115 1749 273 1811 continuo
292 1749 452 1829 templum
471 1759 505 1812 et
518 1749 632 1812 violati
650 1750 797 1812 numinis
814 1771 888 1813 aras

114 1867 158 1930 et,
177 1857 264 1938 quod
282 1857 468 1938 praecipuis
486 1868 633 1920 mentem
651 1858 828 1920 sudoribus
846 1870 953 1941 urget,

114 1975 149 2027 te
166 1964 257 2027 videt
276 1965 310 2033 in
327 1966 473 2040 somnis;
498 1976 556 2028 tua
573 1986 666 2029 sacra
683 1976 716 2028 et
734 1966 838 2042 maior
855 1967 964 2049 imago

114 2074 259 2135 humana
276 2074 388 2136 turbat
408 2074 562 2154 pavidum
580 2075 737 2156 cogitque
754 2074 861 2139 fateri.

114 2181 147 2243 hi
166 2191 244 2244 sunt
262 2181 319 2263 qui
335 2182 504 2263 trepidant
522 2192 556 2244 et
573 2184 614 2244 ad
632 2183 743 2244 omnia
760 2182 894 2265 fulgura
907 2185 1042 2264 pallent,

114 2311 189 2353 cum
207 2299 312 2364 tonat,
333 2290 493 2352 exanimis
511 2291 617 2371 primo
636 2311 767 2373 quoque
784 2312 954 2357 murmure
970 2293 1065 2368 caeli,

114 2419 181 2461 non
199 2397 294 2480 quasi
311 2398 471 2460 fortuitus
489 2420 551 2461 nec
568 2408 745 2461 ventorum
762 2400 854 2462 rabie
871 2400 931 2462 sed
1112 2427 1158 2478 225

114 2508 217 2570 iratus
235 2507 330 2570 cadat
349 2509 382 2569 in
400 2517 506 2569 terras
524 2517 557 2569 et
576 2507 699 2570 iudicet
717 2508 812 2589 ignis.

112 2616 167 2678 illa
184 2615 266 2678 nihil
284 2616 406 2690 nocuit,
426 2636 505 2678 cura
521 2616 672 2697 graviore
689 2616 827 2678 timetur

112 2724 261 2804 proxima
278 2732 461 2804 tempestas
478 2724 569 2786 velut
587 2724 649 2786 hoc
666 2723 768 2786 dilata
785 2744 911 2788 sereno,

113 2841 286 2912 praeterea
301 2831 414 2893 lateris
432 2831 524 2913 vigili
542 2852 617 2893 cum
634 2831 729 2894 febre
746 2832 894 2894 dolorem

113 2940 141 3001 si
158 2960 298 3021 coepere
315 2938 394 3020 pati,
413 2939 552 3001 missum
569 2940 609 3001 ad
628 2959 688 3002 sua
705 2959 842 3020 corpora
859 2942 1011 3003 morbum
1111 2964 1158 3014 230

113 3046 236 3109 infesto
254 3048 394 3110 credunt
412 3067 431 3109 a
448 3047 603 3122 numine;
630 3068 708 3109 saxa
724 3048 862 3110 deorum
886 3043 888 3047 ’

113 3156 195 3218 haec
213 3165 246 3218 et
263 3156 331 3218 tela
347 3164 476 3236 putant.
527 3155 689 3236 pecudem
707 3156 871 3236 spondere
889 3157 1011 3219 sacello

113 3264 282 3326 balantem
302 3273 335 3326 et
355 3264 495 3325 Laribus
514 3264 649 3326 cristam
667 3264 864 3343 promittere
880 3264 960 3345 galli

113 3392 180 3434 non
195 3351 341 3447 audent;
366 3370 444 3454 quid
462 3372 551 3433 enim
569 3392 702 3452 sperare
720 3373 920 3435 nocentibus
937 3374 1046 3455 aegris

113 3481 333 3544 concessum?
383 3480 435 3541 vel
453 3500 537 3561 quae
555 3500 622 3542 non
639 3480 772 3561 dignior
788 3481 899 3550 hostia
915 3481 1006 3543 vita?
1111 3501 1157 3554 ²35

113 3589 244 3650 mobilis
259 3597 293 3650 et
312 3588 401 3650 varia
418 3596 469 3650 est
486 3588 593 3650 ferme
611 3597 730 3650 natura
747 3588 928 3665 malorum;
