2422 4006
501 299 647 348 SATVRA
672 299 711 347 VI
1098 297 1129 348 53

82 467 181 532 huius
203 467 276 543 erit,
296 477 370 550 post
387 467 474 531 hanc
490 475 601 530 aetate
618 476 718 549 atque
734 475 806 530 arte
822 467 966 531 minores
1083 487 1131 542 535

81 577 279 652 censebunt,
298 586 467 658 tamquam
484 575 594 639 famae
610 574 790 639 discrimen
806 580 925 658 agatur
1058 584 1129 650 (500)

80 695 137 751 aut
154 685 294 749 animae.
343 692 438 747 tanta
455 691 507 747 est
524 683 704 766 quaerendi
722 704 801 747 cura
817 684 966 761 decoris;

80 804 130 858 tot
149 793 272 876 premit
289 793 472 868 ordinibus,
491 801 541 855 tot
559 792 667 856 adhuc
684 793 891 875 conpagibus
908 793 1011 856 altum

79 903 234 966 aedificat
252 910 361 984 caput.
410 899 671 964 Andromachen
690 920 709 963 a
724 901 837 964 fronte
853 898 990 976 videbis,

79 1020 157 1093 post
175 1010 284 1073 minor
300 1019 362 1085 est,
381 1009 496 1073 credas
513 1009 620 1072 aliam.
671 1010 753 1073 cedo
771 1009 800 1072 si
815 1009 916 1072 breve
933 1010 1024 1092 parvi
1084 1029 1131 1080 540

80 1119 203 1182 sortita
220 1127 272 1182 est
289 1118 403 1182 lateris
421 1118 575 1200 spatium,
594 1117 792 1200 breviorque
808 1118 942 1181 videtur
1058 1125 1130 1192 (505)

79 1228 211 1310 virgine
229 1228 394 1312 Pygmaea
410 1225 511 1289 nullis
527 1226 640 1288 adiuta
657 1227 840 1301 cothurnis,
855 1262 859 1270 ·
890 1282 893 1292 .

79 1346 114 1400 et
131 1336 215 1399 levis
232 1345 345 1399 erecta
361 1335 533 1417 consurgit
549 1335 591 1397 ad
608 1335 722 1398 oscula
738 1335 860 1417 planta.

128 1445 230 1508 Nulla
246 1444 308 1506 viri
324 1464 403 1507 cura
418 1443 548 1506 interea
564 1463 626 1506 nec
643 1443 771 1506 mentio
787 1444 845 1506 iiet

80 1554 293 1617 damnorum,
337 1551 420 1621 vivit
437 1560 606 1634 tamquam
623 1552 733 1615 vicina
749 1551 867 1627 mariti,
1084 1573 1131 1626 545

81 1662 144 1726 hoc
161 1662 232 1725 solo
249 1660 384 1743 propior
400 1660 488 1742 quod
505 1660 630 1724 amicos
648 1660 800 1743 coniugis
817 1660 886 1723 odit
1059 1667 1130 1733 (510)

81 1780 114 1833 et
133 1789 258 1844 servos,
277 1768 409 1851 gravior
425 1767 620 1832 rationibus.
671 1789 749 1832 ecce
764 1769 909 1832 furentis

83 1877 241 1941 Bellonae
257 1876 440 1958 matrisque
457 1877 555 1940 deum
574 1878 696 1940 chorus
714 1877 816 1940 intrat
833 1887 866 1940 et
884 1877 1004 1960 ingens

82 1985 225 2059 semivir,
244 1985 390 2048 obsceno
406 1984 510 2048 facies
527 1985 710 2048 reverenda
726 1985 854 2060 minori,

83 2093 195 2157 mollia
211 2093 269 2176 qui
287 2102 382 2174 rapta
399 2094 505 2157 secuit
524 2094 683 2175 genitalia
699 2103 787 2156 testa
1084 2116 1131 2169 550

82 2202 146 2265 iam
160 2202 298 2285 pridem,
314 2201 368 2265 cui
381 2221 480 2264 rauca
494 2201 623 2276 cohors,
639 2202 692 2266 cui
704 2211 867 2286 tympana
880 2204 1013 2277 cedunt,
1059 2210 1129 2276 (515)

82 2310 212 2392 plebeia
227 2318 262 2373 et
280 2309 424 2393 Phrygia
438 2310 583 2372 vestitur
599 2310 704 2374 bucca
720 2310 812 2375 tiara.

82 2419 208 2501 grande
225 2427 322 2481 sonat
339 2418 510 2500 metuique
527 2418 619 2481 iubet
638 2418 847 2499 Septembris
864 2429 897 2482 et
915 2418 1035 2481 Austri

81 2528 272 2602 adventum,
291 2525 356 2589 nisi
374 2546 410 2588 se
427 2535 562 2589 centum
579 2526 771 2589 lustraverit
789 2528 860 2590 ovis

81 2645 114 2698 et
131 2633 377 2717 xerampelinas
392 2643 524 2696 veteres
541 2634 716 2697 donaverit
734 2635 806 2716 ipsi,
1084 2656 1131 2710 555

82 2753 118 2807 ut
135 2743 297 2826 quidquid
314 2742 418 2806 subiti
435 2752 468 2805 et
486 2744 598 2825 magni
614 2743 816 2806 discriminis
832 2744 938 2812 instat
1059 2751 1129 2815 (520)

81 2851 116 2915 in
132 2851 265 2915 tunicas
283 2860 347 2926 eat,
366 2859 400 2914 et
416 2859 525 2913 totum
543 2851 647 2914 semel
665 2851 775 2933 expiet
793 2867 928 2915 annum.

81 2960 258 3024 hibernum
275 2959 383 3022 fracta
398 2959 505 3042 glacie
521 2960 705 3023 descendet
722 2960 756 3022 in
773 2980 916 3035 amnem,

81 3078 132 3131 ter
148 3067 316 3131 matutino
333 3068 447 3131 Tiberi
464 3077 635 3150 mergetur
651 3076 685 3131 et
703 3068 784 3150 ipsis

79 3176 262 3241 verticibus
280 3176 434 3239 timidum
452 3186 550 3258 caput
569 3176 692 3252 abluet,
713 3177 791 3239 inde
808 3177 942 3258 superbi
1083 3184 1130 3250 560

79 3294 190 3348 totum
208 3285 297 3368 regis
316 3305 433 3368 agrum
451 3286 540 3348 nuda
556 3306 595 3348 ac
611 3285 825 3349 tremibunda
842 3285 989 3348 cruentis
1059 3293 1129 3357 (5²5)

80 3383 376 3477 erepet'genibus;
401 3393 429 3455 si
446 3393 587 3457 candida
604 3393 737 3456 iusserit
756 3393 802 3468 lo,

79 3503 141 3566 ibit
158 3503 199 3565 ad
217 3501 369 3587 Aegypti
386 3503 486 3565 finem
504 3501 676 3584 calidaque
692 3501 815 3583 petitas

79 3633 98 3674 a
116 3612 233 3674 Meroe
250 3611 400 3693 portabit,
415 3631 527 3692 aquas,
546 3619 583 3672 ut
601 3618 736 3692 spargat
754 3610 788 3672 in
805 3611 887 3673 aede
