2422 4006
80 287 95 335 2
503 285 706 333 IVVENALIS
811 336 814 341 ,

759 380 785 423 3.

81 474 256 536 perquem
275 474 416 535 magnus
433 473 536 534 equos
554 453 736 518 Auruncae
753 455 844 516 flexit
862 455 1026 530 alumnus
1093 478 1125 512 20

43 563 46 569 “
82 563 111 649 si
126 571 221 647 vacat
240 582 278 625 ac
295 560 416 643 placidi
432 560 595 623 rationem
612 561 798 636 admittitis,
819 564 922 626 edam.
947 606 981 637 ι,-

129 671 213 734 Cum
230 679 329 733 tener
345 689 480 732 uxorem
498 670 597 733 ducat
615 671 727 750 spado,
748 671 860 734 Mevia
875 672 1024 735 Tuscum

82 781 161 862 figat
179 799 295 860 aprum
312 787 346 840 et
364 778 452 840 nuda
468 786 582 841 teneat
599 779 763 843 venabula
780 799 930 855 mamma,

82 887 239 970 patricios
257 887 366 950 omnis
383 886 501 968 opibus
519 907 595 950 cum
612 899 768 968 provocet
787 909 872 951 unus

82 1016 147 1079 quo
164 996 326 1058 tondente
342 994 453 1078 gravis
470 994 581 1058 iuveni
598 994 680 1057 mihi
696 996 798 1059 barba
814 998 963 1071 sonabat,
1095 1018 1107 1050 2
1111 1017 1124 1068 5

83 1125 157 1168 eum
175 1124 251 1185 pars
270 1103 419 1168 Niliacae
437 1103 551 1185 plebiS,
572 1125 646 1168 cum
664 1124 765 1167 verna
783 1104 910 1187 Canopi

84 1212 257 1294 Crispinus
275 1212 393 1296 Tyrias
411 1232 524 1275 umero
541 1222 718 1276 revocante
735 1213 883 1278 lacernas

82 1321 223 1383 ventilet
240 1320 403 1384 aestivum
421 1321 534 1403 digitis
552 1321 751 1385 sudantibus
768 1343 883 1385 aurum

83 1450 145 1493 nec
163 1430 306 1492 sufferre
322 1438 421 1511 queat
438 1429 572 1492 maioris
589 1430 736 1511 pondera
752 1451 912 1511 gemmae,

83 1522 216 1602 difficile
233 1547 285 1601 est
303 1547 448 1601 saturam
466 1559 532 1600 non
551 1538 703 1602 scribere.
753 1558 829 1601 nam
847 1541 919 1621 quis
937 1540 1070 1622 iniquae
1093 1562 1124 1611 30

82 1656 151 1709 tam
169 1646 299 1729 patiens
317 1646 418 1720 urbis,
437 1655 505 1710 tam
522 1646 661 1722 ferreus,
680 1656 717 1709 ut
735 1657 848 1710 teneat
867 1668 911 1723 se,

84 1755 242 1819 causidici
258 1775 344 1818 nova
361 1775 436 1819 cum
454 1755 566 1819 veniat
583 1755 702 1819 lectica
720 1756 892 1819 Mathonis

83 1863 182 1946 plena
198 1864 280 1945 ips0,
300 1873 375 1945 post
393 1864 483 1927 hunc
500 1864 612 1946 magni
627 1864 756 1926 delator
773 1864 870 1926 amici

83 1982 116 2035 et
135 1972 201 2036 cito
219 1981 373 2053 rapturus
390 1972 432 2034 de
449 1971 624 2034 nobilitate
641 1992 774 2035 comesa

83 2082 172 2162 quod
197 2090 360 2162 superest,
387 2100 487 2161 quem
521 2079 770 2171 Massantimet,
804 2101 902 2162 quem
932 2101 1069 2164 munere

57 2172 59 2177 ⁸
175 2189 287 2270 palpat
1093 2209 1122 2260 35

85 2297 191 2362 Carus
208 2306 241 2359 et
259 2318 277 2359 a
293 2297 423 2379 trepido
440 2296 604 2380 Thymele
621 2297 797 2360 summissa
816 2299 955 2360 Latino?

85 2427 159 2470 cum
177 2415 212 2468 te
229 2414 460 2468 summoveant
478 2404 535 2486 qui
553 2413 756 2468 testamenta
774 2416 944 2468 merentur

85 2514 249 2588 noctibus,
269 2515 302 2576 in
320 2512 448 2576 caelum
466 2533 550 2594 quos
564 2513 676 2577 evehit
693 2513 819 2594 optima
836 2514 957 2576 summi

85 2642 172 2685 nunc
189 2622 242 2684 via
259 2640 444 2704 processus,
463 2620 594 2685 vetulae
611 2621 723 2686 vesica
739 2622 880 2685 beatae?

84 2730 249 2794 unciolam
269 2722 460 2793 Proculeius
477 2729 587 2804 habet,
607 2730 665 2793 sed
685 2729 773 2794 Gillo
790 2731 962 2805 deuncem,
1093 2755 1125 2799 40

84 2848 196 2921 partes
213 2839 354 2922 quisque
372 2858 448 2901 suas
465 2838 506 2901 ad
520 2859 709 2901 mensuram
728 2839 998 2921 inguinisheres.

63 2946 224 3029 *accipiat
242 2967 322 3010 sane
339 2947 527 3010 mercedem
545 2947 716 3029 sanguinis
734 2956 768 3009 et
785 2947 833 3010 sic

84 3056 204 3137 palleat
222 3066 258 3118 ut
276 3055 375 3118 nudis
391 3055 513 3136 pressit
530 3055 586 3137 qui
604 3054 750 3118 calcibus
769 3076 923 3138 anguem,

85 3174 140 3227 aut
160 3165 423 3247 Lugdunensem
440 3164 553 3226 rhetor
570 3163 720 3226 dicturus
738 3165 779 3227 ad
795 3185 893 3227 aram.

84 3274 163 3355 quid
181 3272 321 3336 referam
339 3282 463 3354 quanta
480 3272 603 3336 siccum
622 3272 713 3336 iecur
729 3273 842 3336 ardeat
859 3273 913 3347 ira,
1094 3295 1126 3347 45

85 3402 158 3445 cum
177 3382 335 3463 populum
352 3381 510 3463 gregibus
529 3381 688 3444 comitum
706 3381 826 3462 premit
844 3381 895 3444 hic
914 3381 1071 3463 spoliator

85 3489 201 3572 pupilli
217 3490 401 3570 prostantis
419 3498 452 3551 et
470 3489 525 3552 hic
542 3489 719 3552 damnatus
736 3489 826 3551 inani

86 3598 230 3660 iudicio?
263 3597 341 3680 quid
360 3597 447 3659 enim
465 3596 564 3659 salvis
582 3596 719 3659 infamia
736 3598 905 3660 nummis?
