2422 4006
474 289 620 338 SATVRA
645 289 683 337 VI

44 460 145 523 vivat
164 458 312 533 Fidenis,
331 467 365 520 et
382 457 489 540 agello
507 457 589 520 cedo
606 467 756 540 paterno.

53 567 130 651 quis
146 575 260 630 tamen
278 566 429 630 adfirmat
447 565 494 629 nil
511 575 624 629 actum
642 565 676 628 in
694 566 866 630 montibus
882 577 940 632 aut
957 568 990 632 in

54 674 249 758 speluncis?
281 676 364 739 adeo
382 684 565 739 senuerunt
584 675 734 757 Iuppiter
750 684 784 738 et
802 677 918 739 Mars?

104 785 336 848 Porticibusne
353 784 415 847 tibi
432 794 639 848 monstratur
655 783 782 847 femina
797 794 876 848 voto
1069 797 1102 847 60

54 893 158 975 digna
174 892 257 956 tuo?
291 893 407 956 cuneis
424 913 466 956 an
484 893 610 956 habent
628 893 821 975 spectacula
837 893 918 956 totis

54 1001 145 1084 quod
163 1021 301 1064 securus
318 1021 409 1064 ames
426 1002 581 1084 quodque
598 1001 676 1064 inde
694 1022 872 1084 excerpere
888 1002 1021 1085 possis?

55 1108 275 1173 chironomon
295 1110 422 1172 Ledam
438 1109 530 1172 molli
547 1109 692 1173 saltante
710 1110 864 1195 Bathyllo

55 1217 184 1281 Tuccia
200 1217 330 1280 vesicae
347 1237 413 1280 non
433 1217 584 1299 imperat,
603 1217 716 1299 Apula
733 1219 851 1301 gannit

55 1326 145 1389 sicut
162 1326 196 1388 in
213 1325 367 1407 amplexu
384 1326 496 1389 subito
514 1335 548 1389 et
565 1327 755 1391 miserabile
772 1327 935 1410 longum,¹
1071 1339 1102 1404 65

54 1434 202 1498 attendit
219 1434 404 1518 Thymele;
429 1434 593 1519 Thymele
611 1444 692 1498 tunc
710 1436 835 1501 rustica
851 1437 959 1501 discit.

55 1552 109 1607 ast
126 1542 219 1617 aliae,
239 1543 396 1625 quotiens
413 1542 529 1607 aulaea
545 1544 718 1607 recondita
735 1555 870 1609 cessant

56 1661 91 1715 et
107 1671 213 1715 vacuo
230 1651 390 1734 clusoque
408 1652 620 1715 sonantiora
637 1652 707 1716 sola
724 1654 856 1717 theatro

55 1769 157 1842 atque
174 1781 194 1822 a
209 1759 336 1842 plebeis
353 1761 453 1842 longe
472 1759 664 1842 Megalesia,
688 1761 802 1825 tristes

57 1888 235 1951 personam
252 1869 472 1953 thyrsumque
490 1878 610 1932 tenent
628 1880 661 1933 et
680 1870 828 1953 subligar
845 1871 937 1935 Acci.
1073 1895 1104 1944 70

55 1976 202 2040 Vrbicus
220 1977 336 2040 exodio
353 1977 457 2041 risum
474 1987 587 2041 movet
605 1977 784 2042 Atellanae

56 2085 209 2168 gestibus
227 2084 415 2161 Autonoes,
434 2086 525 2149 hunc
542 2086 651 2169 diligit
670 2086 767 2150 Aelia
784 2108 918 2169 pauper.
979 2084 982 2090 ⁴

57 2193 198 2257 solvitur
214 2194 267 2257 his
284 2215 406 2277 magno
424 2194 576 2257 comoedi
593 2194 704 2270 fibula,
724 2205 802 2259 sunt
821 2217 905 2278 quae

57 2301 317 2387 Chrysogonum
334 2311 470 2366 cantare
486 2312 611 2377 vetent,
633 2303 790 2385 Hispulla
806 2306 966 2387 tragoedo

56 2411 200 2493 gaudet:
225 2432 267 2473 an
285 2422 461 2497 exspectas
475 2421 512 2475 ut
532 2403 762 2494 Quintilianus
779 2414 933 2476 ametur?
1072 2438 1103 2491 75

56 2519 181 2601 accipis
198 2539 333 2582 uxorem
351 2520 392 2582 de
409 2541 475 2603 qua
491 2518 704 2584 citharoedus
723 2523 852 2586 Echion

56 2636 113 2690 aut
132 2627 323 2712 Glaphyrus
340 2629 397 2691 fiat
414 2639 510 2710 pater
526 2628 794 2713 Ambrosiusque
811 2630 995 2695 choraules.

56 2736 157 2819 longa
173 2758 233 2819 per
249 2746 413 2820 angustos
431 2736 574 2820 figamus
592 2739 721 2821 pulpita
736 2739 838 2814 vicos

56 2855 219 2909 ornentur
235 2856 349 2929 postes
368 2856 402 2911 et
419 2831 538 2930 grandi
557 2847 655 2911 ianua
671 2849 771 2923 laur0,

57 2964 94 3018 ut
110 2956 305 3020 testudineo
323 2956 394 3031 tibi,
416 2955 570 3031 Lentule,
590 2976 739 3036 conopeo
1070 2937 1103 3013 80

56 3065 178 3128 nobilis
196 3065 377 3150 Euryalum
391 3075 453 3152 aut
470 3064 716 3128 murmillonem
734 3065 896 3146 exprimat
913 3065 1047 3128 infans?

57 3184 162 3256 nupta
179 3175 327 3239 senatori
343 3176 502 3238 comitata
518 3185 570 3238 est
589 3173 698 3255 Eppia
714 3169 826 3235 ludum

10 3363 14 3372 ἢ
57 3282 96 3344 ad
116 3283 246 3346 Pharon
264 3292 298 3346 et
317 3283 432 3346 Nilum
450 3284 643 3365 famosaque
661 3280 793 3344 moenia
811 3281 904 3363 Lagi,

56 3391 208 3472 prodigia
224 3400 258 3454 et
275 3411 385 3455 mores
402 3392 494 3455 urbis
512 3392 693 3455 damnante
711 3391 856 3470 Canopo.

56 3498 221 3562 inmemor
237 3499 292 3562 illa
308 3501 428 3563 domus
446 3496 487 3564 et'
498 3499 649 3581 coniugis
666 3508 767 3581 atque
785 3498 907 3562 sororis
1068 3505 1101 3569 85

57 3607 102 3670 nil
119 3607 247 3689 patriae
264 3608 414 3684 indulsit,
433 3609 669 3690 plorantesque
687 3607 838 3688 improba
855 3617 960 3681 natos,
