<?xml version="1.0" encoding="UTF-8"?>
<!DOCTYPE html PUBLIC "-//W3C//DTD XHTML 1.0 Transitional//EN"
    "http://www.w3.org/TR/xhtml1/DTD/xhtml1-transitional.dtd">
<html xmlns="http://www.w3.org/1999/xhtml" xml:lang="en" lang="en">
 <head>
  <title>
</title>
<meta http-equiv="Content-Type" content="text/html;charset=utf-8" />
  <meta name='ocr-system' content='tesseract 3.04.00' />
  <meta name='ocr-capabilities' content='ocr_page ocr_carea ocr_par ocr_line ocrx_word'/>
</head>
<body>
  <div class='ocr_page' id='page_1' title='image "./juvenal01wriggoog_0067.png"; bbox 0 0 2422 4006; ppageno 0'>
   <div class='ocr_carea' id='block_1_1' title="bbox 129 272 755 326">
    <p class='ocr_par' dir='ltr' id='par_1_1' title="bbox 129 272 755 326">
     <span class='ocr_line' id='line_1_1' title="bbox 129 272 755 326; baseline 0.005 -4"><span class='ocrx_word' id='word_1_1' title='bbox 129 272 160 322; x_wconf 82' lang='lat'>58</span> <span class='ocrx_word' id='word_1_2' title='bbox 551 277 755 326; x_wconf 90' lang='lat' dir='ltr'>IVVENALIS</span> 
     </span>
    </p>
   </div>
   <div class='ocr_carea' id='block_1_2' title="bbox 127 441 1158 1829">
    <p class='ocr_par' dir='ltr' id='par_1_2' title="bbox 129 441 1158 850">
     <span class='ocr_line' id='line_1_2' title="bbox 129 441 1158 528; baseline 0.011 -25"><span class='ocrx_word' id='word_1_3' title='bbox 129 441 328 523; x_wconf 91' lang='lat' dir='ltr'>praecipites</span> <span class='ocrx_word' id='word_1_4' title='bbox 345 453 381 506; x_wconf 92' lang='lat' dir='ltr'>ut</span> <span class='ocrx_word' id='word_1_5' title='bbox 401 462 480 506; x_wconf 86' lang='lat' dir='ltr'>saxa</span> <span class='ocrx_word' id='word_1_6' title='bbox 496 443 583 526; x_wconf 83' lang='lat' dir='ltr'>iugis</span> <span class='ocrx_word' id='word_1_7' title='bbox 601 445 750 527; x_wconf 89' lang='lat' dir='ltr'>abrupta,</span> <span class='ocrx_word' id='word_1_8' title='bbox 771 446 891 528; x_wconf 94' lang='lat' dir='ltr'>quibus</span> <span class='ocrx_word' id='word_1_9' title='bbox 909 468 1005 512; x_wconf 92' lang='lat' dir='ltr'>mons</span> <span class='ocrx_word' id='word_1_10' title='bbox 1121 455 1158 521; x_wconf 87' lang='grc'>685</span> 
     </span>
     <span class='ocr_line' id='line_1_3' title="bbox 129 549 1157 635; baseline 0.014 -24"><span class='ocrx_word' id='word_1_11' title='bbox 129 549 336 612; x_wconf 90' lang='lat' dir='ltr'>subtrahitur</span> <span class='ocrx_word' id='word_1_12' title='bbox 352 550 504 634; x_wconf 91' lang='lat' dir='ltr'>clivoque</span> <span class='ocrx_word' id='word_1_13' title='bbox 521 551 608 615; x_wconf 93' lang='lat' dir='ltr'>latus</span> <span class='ocrx_word' id='word_1_14' title='bbox 625 553 795 635; x_wconf 86' lang='lat' dir='ltr'>pendente</span> <span class='ocrx_word' id='word_1_15' title='bbox 812 556 960 619; x_wconf 90' lang='lat' dir='ltr'>recedit:</span> <span class='ocrx_word' id='word_1_16' title='bbox 1099 563 1157 630; x_wconf 77' lang='grc'><strong>(656)</strong></span> 
     </span>
     <span class='ocr_line' id='line_1_4' title="bbox 129 657 1136 748; baseline 0.008 -28"><span class='ocrx_word' id='word_1_17' title='bbox 129 657 217 720; x_wconf 92' lang='lat' dir='ltr'>illam</span> <span class='ocrx_word' id='word_1_18' title='bbox 234 679 298 741; x_wconf 87' lang='lat' dir='ltr'>ego</span> <span class='ocrx_word' id='word_1_19' title='bbox 314 679 382 723; x_wconf 92' lang='lat' dir='ltr'>non</span> <span class='ocrx_word' id='word_1_20' title='bbox 399 660 543 736; x_wconf 91' lang='lat' dir='ltr'>tulerim,</span> <span class='ocrx_word' id='word_1_21' title='bbox 562 681 647 743; x_wconf 91' lang='lat' dir='ltr'>quae</span> <span class='ocrx_word' id='word_1_22' title='bbox 665 671 827 744; x_wconf 89' lang='lat' dir='ltr'>conputat</span> <span class='ocrx_word' id='word_1_23' title='bbox 844 672 878 726; x_wconf 90' lang='lat' dir='ltr'>et</span> <span class='ocrx_word' id='word_1_24' title='bbox 896 665 1006 728; x_wconf 89' lang='lat' dir='ltr'>scelus</span> <span class='ocrx_word' id='word_1_25' title='bbox 1024 665 1136 748; x_wconf 84' lang='lat' dir='ltr'>ingens</span> 
     </span>
     <span class='ocr_line' id='line_1_5' title="bbox 129 767 958 850; baseline 0.008 -22"><span class='ocrx_word' id='word_1_26' title='bbox 129 786 209 829; x_wconf 89' lang='lat' dir='ltr'>sana</span> <span class='ocrx_word' id='word_1_27' title='bbox 224 767 314 831; x_wconf 86' lang='lat' dir='ltr'>facit.</span> <span class='ocrx_word' id='word_1_28' title='bbox 365 778 520 850; x_wconf 89' lang='lat' dir='ltr'>spectant</span> <span class='ocrx_word' id='word_1_29' title='bbox 538 769 739 832; x_wconf 89' lang='lat' dir='ltr'>subeuntem</span> <span class='ocrx_word' id='word_1_30' title='bbox 758 770 829 834; x_wconf 80' lang='lat' dir='ltr'>fata</span> <span class='ocrx_word' id='word_1_31' title='bbox 846 772 958 835; x_wconf 91' lang='lat' dir='ltr'>mariti</span> 
     </span>
    </p>

    <p class='ocr_par' dir='ltr' id='par_1_3' title="bbox 128 875 882 959">
     <span class='ocr_line' id='line_1_6' title="bbox 128 875 882 959; baseline 0.009 -23"><span class='ocrx_word' id='word_1_32' title='bbox 128 875 294 939; x_wconf 85' lang='lat' dir='ltr'>Alcestim</span> <span class='ocrx_word' id='word_1_33' title='bbox 314 885 357 952; x_wconf 90' lang='lat' dir='ltr'>et,</span> <span class='ocrx_word' id='word_1_34' title='bbox 377 877 494 940; x_wconf 92' lang='lat' dir='ltr'>similis</span> <span class='ocrx_word' id='word_1_35' title='bbox 512 877 540 940; x_wconf 94' lang='lat' dir='ltr'>si</span> <span class='ocrx_word' id='word_1_36' title='bbox 556 879 758 959; x_wconf 87' lang='lat' dir='ltr'>permutatio</span> <span class='ocrx_word' id='word_1_37' title='bbox 774 880 882 955; x_wconf 91' lang='lat' dir='ltr'>detur,</span> 
     </span>
    </p>

    <p class='ocr_par' dir='ltr' id='par_1_4' title="bbox 127 985 1158 1287">
     <span class='ocr_line' id='line_1_7' title="bbox 128 985 1158 1068; baseline 0.009 -23"><span class='ocrx_word' id='word_1_38' title='bbox 128 994 236 1047; x_wconf 87' lang='lat' dir='ltr'>morte</span> <span class='ocrx_word' id='word_1_39' title='bbox 252 985 313 1048; x_wconf 93' lang='lat' dir='ltr'>viri</span> <span class='ocrx_word' id='word_1_40' title='bbox 330 986 465 1068; x_wconf 93' lang='lat' dir='ltr'>cupiant</span> <span class='ocrx_word' id='word_1_41' title='bbox 483 987 627 1050; x_wconf 92' lang='lat' dir='ltr'>animam</span> <span class='ocrx_word' id='word_1_42' title='bbox 645 1007 777 1050; x_wconf 89' lang='lat' dir='ltr'>servare</span> <span class='ocrx_word' id='word_1_43' title='bbox 794 988 943 1052; x_wconf 89' lang='lat' dir='ltr'>catellae.</span> <span class='ocrx_word' id='word_1_44' title='bbox 1119 997 1158 1061; x_wconf 83' lang='lat'>690</span> 
     </span>
     <span class='ocr_line' id='line_1_8' title="bbox 127 1095 1156 1182; baseline 0.006 -27"><span class='ocrx_word' id='word_1_45' title='bbox 127 1104 303 1156; x_wconf 90' lang='lat' dir='ltr'>occurrent</span> <span class='ocrx_word' id='word_1_46' title='bbox 321 1095 446 1158; x_wconf 89' lang='lat' dir='ltr'>multae</span> <span class='ocrx_word' id='word_1_47' title='bbox 462 1095 524 1158; x_wconf 92' lang='lat' dir='ltr'>tibi</span> <span class='ocrx_word' id='word_1_48' title='bbox 542 1095 675 1158; x_wconf 88' lang='lat' dir='ltr'>Belides</span> <span class='ocrx_word' id='word_1_49' title='bbox 692 1105 792 1178; x_wconf 93' lang='lat' dir='ltr'>atque</span> <span class='ocrx_word' id='word_1_50' title='bbox 811 1096 993 1182; x_wconf 89' lang='lat' dir='ltr'>Eriphylae</span> <span class='ocrx_word' id='word_1_51' title='bbox 1100 1105 1156 1170; x_wconf 81' lang='grc'><strong>(655)</strong></span> 
     </span>
     <span class='ocr_line' id='line_1_9' title="bbox 128 1202 1050 1287; baseline 0.011 -25"><span class='ocrx_word' id='word_1_52' title='bbox 128 1221 235 1276; x_wconf 91' lang='lat' dir='ltr'>mane,</span> <span class='ocrx_word' id='word_1_53' title='bbox 256 1202 559 1287; x_wconf 84' lang='lat' dir='ltr'>Clytaemnestram</span> <span class='ocrx_word' id='word_1_54' title='bbox 577 1204 688 1266; x_wconf 93' lang='lat' dir='ltr'>nullus</span> <span class='ocrx_word' id='word_1_55' title='bbox 706 1224 772 1266; x_wconf 94' lang='lat' dir='ltr'>non</span> <span class='ocrx_word' id='word_1_56' title='bbox 790 1205 885 1268; x_wconf 90' lang='lat' dir='ltr'>vicus</span> <span class='ocrx_word' id='word_1_57' title='bbox 902 1206 1050 1272; x_wconf 91' lang='lat' dir='ltr'>habebit.</span> 
     </span>
    </p>

    <p class='ocr_par' dir='ltr' id='par_1_5' title="bbox 128 1309 1030 1502">
     <span class='ocr_line' id='line_1_10' title="bbox 128 1309 1030 1396; baseline 0.006 -24"><span class='ocrx_word' id='word_1_58' title='bbox 128 1309 190 1373; x_wconf 93' lang='lat' dir='ltr'>hoc</span> <span class='ocrx_word' id='word_1_59' title='bbox 207 1319 340 1373; x_wconf 91' lang='lat' dir='ltr'>tantum</span> <span class='ocrx_word' id='word_1_60' title='bbox 358 1312 470 1386; x_wconf 81' lang='lat' dir='ltr'>refert,</span> <span class='ocrx_word' id='word_1_61' title='bbox 490 1313 577 1394; x_wconf 93' lang='lat' dir='ltr'>quod</span> <span class='ocrx_word' id='word_1_62' title='bbox 596 1312 762 1396; x_wconf 85' lang='lat' dir='ltr'>Tyndaris</span> <span class='ocrx_word' id='word_1_63' title='bbox 779 1312 834 1375; x_wconf 90' lang='lat' dir='ltr'>illa</span> <span class='ocrx_word' id='word_1_64' title='bbox 850 1313 1030 1395; x_wconf 90' lang='lat' dir='ltr'>bipennem</span> 
     </span>
     <span class='ocr_line' id='line_1_11' title="bbox 128 1417 957 1502; baseline 0.007 -23"><span class='ocrx_word' id='word_1_65' title='bbox 128 1417 287 1482; x_wconf 90' lang='lat' dir='ltr'>insulsam</span> <span class='ocrx_word' id='word_1_66' title='bbox 306 1429 338 1481; x_wconf 92' lang='lat' dir='ltr'>et</span> <span class='ocrx_word' id='word_1_67' title='bbox 356 1419 483 1482; x_wconf 78' lang='lat' dir='ltr'>fatuam</span> <span class='ocrx_word' id='word_1_68' title='bbox 500 1421 617 1482; x_wconf 88' lang='lat' dir='ltr'>dextra</span> <span class='ocrx_word' id='word_1_69' title='bbox 633 1420 792 1502; x_wconf 89' lang='lat' dir='ltr'>laevaque</span> <span class='ocrx_word' id='word_1_70' title='bbox 808 1423 957 1498; x_wconf 89' lang='lat' dir='ltr'>tenebat,</span> 
     </span>
    </p>

    <p class='ocr_par' dir='ltr' id='par_1_6' title="bbox 127 1527 1156 1829">
     <span class='ocr_line' id='line_1_12' title="bbox 127 1527 1156 1610; baseline 0.007 -21"><span class='ocrx_word' id='word_1_71' title='bbox 127 1537 160 1590; x_wconf 90' lang='lat' dir='ltr'>at</span> <span class='ocrx_word' id='word_1_72' title='bbox 178 1548 267 1590; x_wconf 93' lang='lat' dir='ltr'>nunc</span> <span class='ocrx_word' id='word_1_73' title='bbox 284 1548 337 1590; x_wconf 89' lang='lat' dir='ltr'>res</span> <span class='ocrx_word' id='word_1_74' title='bbox 355 1527 465 1610; x_wconf 87' lang='lat' dir='ltr'>agitur</span> <span class='ocrx_word' id='word_1_75' title='bbox 482 1529 575 1590; x_wconf 91' lang='lat' dir='ltr'>tenui</span> <span class='ocrx_word' id='word_1_76' title='bbox 593 1529 750 1610; x_wconf 89' lang='lat' dir='ltr'>pulmone</span> <span class='ocrx_word' id='word_1_77' title='bbox 767 1531 961 1594; x_wconf 90' lang='lat' dir='ltr'>rubetae—</span> <span class='ocrx_word' id='word_1_78' title='bbox 1088 1600 1091 1608; x_wconf 62' lang='grc'><strong>,</strong></span> <span class='ocrx_word' id='word_1_79' title='bbox 1118 1538 1156 1602; x_wconf 79' lang='grc'>695</span> 
     </span>
     <span class='ocr_line' id='line_1_13' title="bbox 127 1636 1155 1719; baseline 0.006 -21"><span class='ocrx_word' id='word_1_80' title='bbox 127 1637 186 1698; x_wconf 93' lang='lat' dir='ltr'>sed</span> <span class='ocrx_word' id='word_1_81' title='bbox 201 1646 315 1699; x_wconf 90' lang='lat' dir='ltr'>tamen</span> <span class='ocrx_word' id='word_1_82' title='bbox 334 1645 367 1698; x_wconf 90' lang='lat' dir='ltr'>et</span> <span class='ocrx_word' id='word_1_83' title='bbox 383 1636 482 1710; x_wconf 81' lang='lat' dir='ltr'>ferm,</span> <span class='ocrx_word' id='word_1_84' title='bbox 501 1636 529 1698; x_wconf 92' lang='lat' dir='ltr'>si</span> <span class='ocrx_word' id='word_1_85' title='bbox 546 1637 775 1719; x_wconf 85' lang='lat' dir='ltr'>praegustabit</span> <span class='ocrx_word' id='word_1_86' title='bbox 793 1638 933 1702; x_wconf 86' lang='lat' dir='ltr'>Atrides</span> <span class='ocrx_word' id='word_1_87' title='bbox 1098 1645 1155 1712; x_wconf 79' lang='lat'><strong>(660)</strong></span> 
     </span>
     <span class='ocr_line' id='line_1_14' title="bbox 129 1744 918 1829; baseline 0.006 -23"><span class='ocrx_word' id='word_1_88' title='bbox 129 1744 266 1807; x_wconf 87' lang='lat' dir='ltr'>Pontica</span> <span class='ocrx_word' id='word_1_89' title='bbox 283 1754 335 1806; x_wconf 90' lang='lat' dir='ltr'>ter</span> <span class='ocrx_word' id='word_1_90' title='bbox 351 1744 431 1807; x_wconf 91' lang='lat' dir='ltr'>victi</span> <span class='ocrx_word' id='word_1_91' title='bbox 449 1755 566 1807; x_wconf 90' lang='lat' dir='ltr'>cautus</span> <span class='ocrx_word' id='word_1_92' title='bbox 584 1745 805 1809; x_wconf 87' lang='lat' dir='ltr'>medicamina</span> <span class='ocrx_word' id='word_1_93' title='bbox 821 1747 918 1829; x_wconf 86' lang='lat' dir='ltr'>regis.</span> 
     </span>
    </p>
   </div>
   <div class='ocr_carea' id='block_1_3' title="bbox 469 2037 812 2096">
    <p class='ocr_par' dir='ltr' id='par_1_7' title="bbox 469 2037 812 2096">
     <span class='ocr_line' id='line_1_15' title="bbox 469 2037 812 2096; baseline 0.006 -2"><span class='ocrx_word' id='word_1_94' title='bbox 469 2037 597 2094; x_wconf 88' lang='lat' dir='ltr'><strong>LIBER</strong></span> <span class='ocrx_word' id='word_1_95' title='bbox 627 2037 812 2096; x_wconf 87' lang='lat' dir='ltr'><strong>TERTIVS</strong></span> 
     </span>
    </p>
   </div>
   <div class='ocr_carea' id='block_1_4' title="bbox 519 2219 781 2287">
    <p class='ocr_par' dir='ltr' id='par_1_8' title="bbox 519 2219 781 2287">
     <span class='ocr_line' id='line_1_16' title="bbox 519 2219 781 2287; baseline -0.004 -17"><span class='ocrx_word' id='word_1_96' title='bbox 519 2219 680 2271; x_wconf 85' lang='lat' dir='ltr'>SATVRA</span> <span class='ocrx_word' id='word_1_97' title='bbox 707 2219 781 2287; x_wconf 82' lang='lat' dir='ltr'>vu</span> 
     </span>
    </p>
   </div>
   <div class='ocr_carea' id='block_1_5' title="bbox 38 2387 1158 3679">
    <p class='ocr_par' dir='ltr' id='par_1_9' title="bbox 122 2387 1158 3123">
     <span class='ocr_line' id='line_1_17' title="bbox 127 2387 991 2470; baseline 0.005 -19"><span class='ocrx_word' id='word_1_98' title='bbox 127 2388 171 2450; x_wconf 87' lang='lat' dir='ltr'>Et</span> <span class='ocrx_word' id='word_1_99' title='bbox 190 2408 266 2470; x_wconf 90' lang='lat' dir='ltr'>spes</span> <span class='ocrx_word' id='word_1_100' title='bbox 284 2397 317 2451; x_wconf 89' lang='lat' dir='ltr'>et</span> <span class='ocrx_word' id='word_1_101' title='bbox 335 2387 419 2450; x_wconf 89' lang='lat' dir='ltr'>ratio</span> <span class='ocrx_word' id='word_1_102' title='bbox 436 2388 621 2450; x_wconf 90' lang='lat' dir='ltr'>studiorum</span> <span class='ocrx_word' id='word_1_103' title='bbox 640 2388 671 2450; x_wconf 93' lang='lat' dir='ltr'>in</span> <span class='ocrx_word' id='word_1_104' title='bbox 691 2387 834 2454; x_wconf 89' lang='lat' dir='ltr'>Caesare</span> <span class='ocrx_word' id='word_1_105' title='bbox 850 2398 991 2455; x_wconf 91' lang='lat' dir='ltr'>tantum.</span> 
     </span>
     <span class='ocr_line' id='line_1_18' title="bbox 125 2495 931 2578; baseline 0.001 -19"><span class='ocrx_word' id='word_1_106' title='bbox 125 2496 215 2560; x_wconf 90' lang='lat' dir='ltr'>solus</span> <span class='ocrx_word' id='word_1_107' title='bbox 233 2495 322 2559; x_wconf 89' lang='lat' dir='ltr'>enim</span> <span class='ocrx_word' id='word_1_108' title='bbox 340 2497 453 2559; x_wconf 88' lang='lat' dir='ltr'>tristes</span> <span class='ocrx_word' id='word_1_109' title='bbox 471 2497 532 2559; x_wconf 92' lang='lat' dir='ltr'>hac</span> <span class='ocrx_word' id='word_1_110' title='bbox 545 2505 749 2578; x_wconf 87' lang='lat' dir='ltr'>tempestate</span> <span class='ocrx_word' id='word_1_111' title='bbox 767 2497 931 2560; x_wconf 90' lang='lat' dir='ltr'>Camenas</span> 
     </span>
     <span class='ocr_line' id='line_1_19' title="bbox 124 2605 917 2687; baseline 0.003 -20"><span class='ocrx_word' id='word_1_112' title='bbox 124 2605 281 2687; x_wconf 86' lang='lat' dir='ltr'>respexit,</span> <span class='ocrx_word' id='word_1_113' title='bbox 300 2625 375 2668; x_wconf 93' lang='lat' dir='ltr'>cum</span> <span class='ocrx_word' id='word_1_114' title='bbox 393 2605 457 2667; x_wconf 91' lang='lat' dir='ltr'>iam</span> <span class='ocrx_word' id='word_1_115' title='bbox 476 2605 624 2667; x_wconf 86' lang='lat' dir='ltr'>celebres</span> <span class='ocrx_word' id='word_1_116' title='bbox 643 2605 780 2686; x_wconf 90' lang='lat' dir='ltr'>notique</span> <span class='ocrx_word' id='word_1_117' title='bbox 797 2614 917 2687; x_wconf 88' lang='lat' dir='ltr'>poetae</span> 
     </span>
     <span class='ocr_line' id='line_1_20' title="bbox 124 2713 946 2787; baseline 0.002 -12"><span class='ocrx_word' id='word_1_118' title='bbox 124 2713 313 2776; x_wconf 90' lang='lat' dir='ltr'>balneolum</span> <span class='ocrx_word' id='word_1_119' title='bbox 334 2713 459 2787; x_wconf 89' lang='lat' dir='ltr'>Gabiis,</span> <span class='ocrx_word' id='word_1_120' title='bbox 481 2714 607 2775; x_wconf 90' lang='lat' dir='ltr'>Romae</span> <span class='ocrx_word' id='word_1_121' title='bbox 625 2715 812 2777; x_wconf 89' lang='lat' dir='ltr'>conducere</span> <span class='ocrx_word' id='word_1_122' title='bbox 829 2714 946 2777; x_wconf 86' lang='lat' dir='ltr'>fumos</span> 
     </span>
     <span class='ocr_line' id='line_1_21' title="bbox 123 2821 1158 2904; baseline 0.002 -20"><span class='ocrx_word' id='word_1_123' title='bbox 123 2831 338 2904; x_wconf 91' lang='lat' dir='ltr'>temptarent,</span> <span class='ocrx_word' id='word_1_124' title='bbox 357 2821 570 2884; x_wconf 80' lang='lat' dir='ltr'>necioedum</span> <span class='ocrx_word' id='word_1_125' title='bbox 587 2821 642 2883; x_wconf 89' lang='lat' dir='ltr'>alii</span> <span class='ocrx_word' id='word_1_126' title='bbox 660 2841 721 2885; x_wconf 92' lang='lat' dir='ltr'>nec</span> <span class='ocrx_word' id='word_1_127' title='bbox 739 2830 837 2904; x_wconf 91' lang='lat' dir='ltr'>turpe</span> <span class='ocrx_word' id='word_1_128' title='bbox 854 2832 1011 2902; x_wconf 87' lang='lat' dir='ltr'>putarent</span> <span class='ocrx_word' id='word_1_129' title='bbox 1147 2839 1158 2893; x_wconf 90' lang='grc'><strong>5</strong></span> 
     </span>
     <span class='ocr_line' id='line_1_22' title="bbox 123 2930 870 3013; baseline -0.003 -17"><span class='ocrx_word' id='word_1_130' title='bbox 123 2952 304 3013; x_wconf 89' lang='lat' dir='ltr'>praecones</span> <span class='ocrx_word' id='word_1_131' title='bbox 322 2931 401 3005; x_wconf 85' lang='lat' dir='ltr'>fieri,</span> <span class='ocrx_word' id='word_1_132' title='bbox 421 2951 496 2993; x_wconf 92' lang='lat' dir='ltr'>cum</span> <span class='ocrx_word' id='word_1_133' title='bbox 514 2930 654 2993; x_wconf 90' lang='lat' dir='ltr'>desertis</span> <span class='ocrx_word' id='word_1_134' title='bbox 673 2931 870 3013; x_wconf 86' lang='lat' dir='ltr'>Aganippes</span> 
     </span>
     <span class='ocr_line' id='line_1_23' title="bbox 122 3040 858 3123; baseline -0.001 -20"><span class='ocrx_word' id='word_1_135' title='bbox 122 3042 263 3105; x_wconf 89' lang='lat' dir='ltr'>vallibus</span> <span class='ocrx_word' id='word_1_136' title='bbox 281 3042 432 3105; x_wconf 87' lang='lat' dir='ltr'>esuriens</span> <span class='ocrx_word' id='word_1_137' title='bbox 450 3041 606 3123; x_wconf 88' lang='lat' dir='ltr'>migraret</span> <span class='ocrx_word' id='word_1_138' title='bbox 626 3042 659 3102; x_wconf 93' lang='lat' dir='ltr'>in</span> <span class='ocrx_word' id='word_1_139' title='bbox 677 3040 760 3102; x_wconf 92' lang='lat' dir='ltr'>atria</span> <span class='ocrx_word' id='word_1_140' title='bbox 778 3040 858 3103; x_wconf 89' lang='lat' dir='ltr'>Clio.</span> 
     </span>
    </p>

    <p class='ocr_par' dir='ltr' id='par_1_10' title="bbox 38 3149 1002 3679">
     <span class='ocr_line' id='line_1_24' title="bbox 123 3149 946 3234; baseline -0.004 -20"><span class='ocrx_word' id='word_1_141' title='bbox 123 3173 199 3214; x_wconf 89' lang='lat' dir='ltr'>nam</span> <span class='ocrx_word' id='word_1_142' title='bbox 217 3152 246 3214; x_wconf 91' lang='lat' dir='ltr'>si</span> <span class='ocrx_word' id='word_1_143' title='bbox 264 3153 370 3215; x_wconf 90' lang='lat' dir='ltr'>Pieria</span> <span class='ocrx_word' id='word_1_144' title='bbox 386 3153 552 3234; x_wconf 90' lang='lat' dir='ltr'>quadrans</span> <span class='ocrx_word' id='word_1_145' title='bbox 570 3152 631 3214; x_wconf 93' lang='lat' dir='ltr'>tibi</span> <span class='ocrx_word' id='word_1_146' title='bbox 648 3150 758 3212; x_wconf 89' lang='lat' dir='ltr'>nullus</span> <span class='ocrx_word' id='word_1_147' title='bbox 777 3149 811 3210; x_wconf 93' lang='lat' dir='ltr'>in</span> <span class='ocrx_word' id='word_1_148' title='bbox 828 3149 946 3211; x_wconf 88' lang='lat' dir='ltr'>umbra</span> 
     </span>
     <span class='ocr_line' id='line_1_25' title="bbox 122 3260 1002 3344; baseline -0.005 -19"><span class='ocrx_word' id='word_1_149' title='bbox 122 3265 327 3339; x_wconf 90' lang='lat' dir='ltr'>ostendatur,</span> <span class='ocrx_word' id='word_1_150' title='bbox 346 3285 437 3328; x_wconf 89' lang='lat' dir='ltr'>ames</span> <span class='ocrx_word' id='word_1_151' title='bbox 454 3285 577 3328; x_wconf 89' lang='lat' dir='ltr'>nomen</span> <span class='ocrx_word' id='word_1_152' title='bbox 594 3264 786 3344; x_wconf 90' lang='lat' dir='ltr'>victumque</span> <span class='ocrx_word' id='word_1_153' title='bbox 804 3260 1002 3322; x_wconf 90' lang='lat' dir='ltr'>Machaerae</span> 
     </span>
     <span class='ocr_line' id='line_1_26' title="bbox 122 3368 988 3457; baseline -0.009 -19"><span class='ocrx_word' id='word_1_154' title='bbox 122 3385 155 3438; x_wconf 93' lang='lat' dir='ltr'>et</span> <span class='ocrx_word' id='word_1_155' title='bbox 172 3376 297 3439; x_wconf 89' lang='lat' dir='ltr'>vendas</span> <span class='ocrx_word' id='word_1_156' title='bbox 314 3375 426 3457; x_wconf 90' lang='lat' dir='ltr'>potius</span> <span class='ocrx_word' id='word_1_157' title='bbox 445 3374 623 3440; x_wconf 90' lang='lat' dir='ltr'>commissa</span> <span class='ocrx_word' id='word_1_158' title='bbox 639 3372 726 3454; x_wconf 93' lang='lat' dir='ltr'>quod</span> <span class='ocrx_word' id='word_1_159' title='bbox 746 3370 856 3433; x_wconf 91' lang='lat' dir='ltr'>auctio</span> <span class='ocrx_word' id='word_1_160' title='bbox 874 3368 988 3456; x_wconf 89' lang='lat' dir='ltr'>vendit</span> 
     </span>
     <span class='ocr_line' id='line_1_27' title="bbox 122 3477 989 3566; baseline -0.01 -18"><span class='ocrx_word' id='word_1_161' title='bbox 122 3484 300 3560; x_wconf 92' lang='lat' dir='ltr'>stantibus,</span> <span class='ocrx_word' id='word_1_162' title='bbox 319 3485 545 3566; x_wconf 92' lang='lat' dir='ltr'>oenophorum</span> <span class='ocrx_word' id='word_1_163' title='bbox 564 3481 712 3562; x_wconf 92' lang='lat' dir='ltr'>tripodes</span> <span class='ocrx_word' id='word_1_164' title='bbox 730 3478 870 3541; x_wconf 90' lang='lat' dir='ltr'>armaria</span> <span class='ocrx_word' id='word_1_165' title='bbox 887 3477 989 3541; x_wconf 87' lang='lat' dir='ltr'>cistas</span> 
     </span>
     <span class='ocr_line' id='line_1_28' title="bbox 38 3587 904 3679; baseline -0.007 -23"><span class='ocrx_word' id='word_1_166' title='bbox 38 3675 41 3679; x_wconf 14' lang='lat' dir='ltr'>y</span> <span class='ocrx_word' id='word_1_167' title='bbox 122 3592 304 3658; x_wconf 88' lang='lat' dir='ltr'>Alcithoen</span> <span class='ocrx_word' id='word_1_168' title='bbox 324 3591 429 3666; x_wconf 88' lang='lat' dir='ltr'>Pacci,</span> <span class='ocrx_word' id='word_1_169' title='bbox 449 3592 583 3654; x_wconf 89' lang='lat' dir='ltr'>Thebas</span> <span class='ocrx_word' id='word_1_170' title='bbox 601 3599 633 3652; x_wconf 91' lang='lat' dir='ltr'>et</span> <span class='ocrx_word' id='word_1_171' title='bbox 652 3589 760 3650; x_wconf 88' lang='lat' dir='ltr'>Terea</span> <span class='ocrx_word' id='word_1_172' title='bbox 778 3587 904 3650; x_wconf 88' lang='lat' dir='ltr'>Fausti.</span> 
     </span>
    </p>
   </div>
   <div class='ocr_carea' id='block_1_6' title="bbox 0 0 1216 4006">
    <p class='ocr_par' dir='ltr' id='par_1_11' title="bbox 0 0 1216 4006">
     <span class='ocr_line' id='line_1_29' title="bbox 0 0 1216 4006; baseline 0 2"><span class='ocrx_word' id='word_1_173' title='bbox 0 0 1216 4006; x_wconf 95' lang='lat' dir='ltr'> </span> 
     </span>
    </p>
   </div>
  </div>
 </body>
</html>
