2422 4006
129 277 176 326 104
553 280 766 330 lVVENALlS'

128 446 226 509 belua
243 448 438 529 concipitur,
459 450 517 512 sed
535 449 631 512 furva
648 459 751 530 gente
768 451 875 531 petita

126 555 300 619 arboribus
319 556 454 619 Rutulis
472 566 504 619 et
523 557 628 619 Turni
644 557 794 639 pascitur
810 578 900 640 agr0,

127 665 281 729 Caesaris
298 674 495 740 armentum,
516 664 598 728 nulli
616 666 739 728 servire
757 676 908 748 paratum

124 774 263 856 privato,
284 774 446 855 siquidem
463 773 566 857 Tyrio
584 794 701 856 parere
721 774 874 839 solebant

126 882 310 945 Hannibali
327 892 361 944 et
378 882 503 946 nostris
521 883 661 946 ducibus
681 885 821 966 regique
839 884 989 947 Molosso

125 991 243 1054 horum
261 991 403 1055 maiores
420 1011 458 1055 ac
476 992 575 1055 dorso
592 992 681 1054 ferre
699 992 857 1068 cohortis,

125 1109 253 1180 partem
271 1101 414 1182 aliquam
433 1100 511 1163 belli
530 1111 563 1163 et
581 1110 716 1163 euntem
738 1102 771 1164 in
788 1101 913 1183 proelia
930 1112 1067 1166 turrem.
1122 1126 1156 1163 110

125 1208 216 1271 nulla
233 1209 334 1291 igitur
351 1229 443 1271 mora
460 1229 518 1290 per
536 1209 691 1284 Novium,
712 1229 803 1271 mora
820 1209 911 1271 nulla
928 1230 988 1291 per
1006 1210 1149 1272 Histrum

52 1297 55 1301 ’
126 1317 314 1391 Pacuvium,
333 1317 414 1398 quin
432 1317 511 1379 illud
530 1317 612 1380 ebur
629 1317 770 1380 ducatur
787 1318 827 1380 ad
845 1337 919 1381 aras

125 1435 160 1487 et
177 1426 272 1489 cadat
290 1435 368 1488 ante
388 1426 491 1488 Lares
511 1424 669 1488 Gallittae
686 1425 821 1488 victima
837 1425 908 1488 sola

125 1534 228 1597 tantis
245 1533 347 1616 digna
363 1534 435 1596 deis
452 1543 485 1596 et
503 1533 731 1615 captatoribus
749 1534 877 1596 horum.

124 1642 209 1704 alter
226 1642 323 1717 enim,
344 1642 372 1705 si
390 1642 563 1717 concedas,
583 1652 728 1705 mactare
746 1641 881 1704 vovebit
1123 1669 1160 1720 115

124 1751 166 1813 de
182 1771 286 1832 grege
303 1770 473 1813 servorum
491 1770 612 1831 magna
628 1759 685 1812 aut
702 1749 925 1830 pulcherrima
941 1736 1092 1832 quaeque

125 1879 270 1940 corpora,
289 1859 341 1921 vel
359 1859 470 1940 pueris
488 1867 521 1920 et
537 1858 706 1920 frontibus
723 1857 916 1921 ancillarum

124 1969 262 2048 inponet
280 1968 381 2030 vittas
399 1976 441 2042 et,
463 1966 557 2048 siqua
574 1977 625 2029 est
643 1966 767 2028 nubilis
785 1965 832 2028 illi

126 2076 301 2158 Iphigenia
318 2076 415 2151 domi,
435 2075 527 2139 dabit
546 2076 631 2138 hanc
647 2073 818 2148 altaribus,
837 2075 900 2137 etsi

125 2205 191 2247 non
209 2194 320 2266 sperat
338 2184 485 2265 tragicae
504 2183 629 2245 furtiva
645 2182 775 2264 piacula
792 2203 917 2245 cervae.
1124 2212 1164 2247 ιω

123 2293 221 2355 laudo
238 2313 348 2355 meum
367 2292 484 2366 civem,
505 2311 566 2354 nec
585 2311 740 2372 comparo
757 2299 962 2353 testamento

124 2401 214 2464 mille
230 2413 319 2465 rates
336 2423 343 2477 ;
368 2421 445 2463 nam
464 2401 492 2462 si
512 2400 692 2462 Libitinam
712 2400 854 2462 evaserit
870 2419 979 2481 aeger,

123 2510 247 2572 delebit
265 2509 394 2572 tabulas
412 2508 561 2572 inclusus
580 2528 712 2571 carcere
730 2528 848 2570 nassae

122 2628 198 2700 post
217 2618 371 2680 meritum
389 2637 470 2681 sane
488 2617 675 2679 mirandum
692 2626 792 2698 atque
810 2617 921 2678 omnia
938 2616 1001 2678 soli

121 2727 234 2789 forsan
254 2726 395 2789 Pacuvio
413 2726 559 2788 breviter
576 2724 677 2800 dabit,
697 2725 750 2786 ille
769 2725 931 2805 superbus
1123 2753 1166 2804 ης

122 2836 254 2898 incedet
272 2835 370 2897 victis
388 2834 555 2896 rivalibus
606 2853 685 2914 ergo
702 2833 796 2895 vides
814 2852 912 2914 quam

122 2944 247 3025 grande
265 2962 385 3024 operae
402 2941 664 3023 pretiumllaciat
682 2940 832 3022 iugulata
849 2940 1012 3024 Mycenis
1112 2925 1115 2932 ⁵

122 3051 211 3113 vivat
230 3051 391 3114 Pacuvius
408 3070 531 3132 quaeso
549 3049 601 3111 vel
620 3050 766 3111 Nestora
782 3058 901 3122 totum,

122 3161 289 3241 possideat
306 3169 468 3242 quantum
485 3158 594 3240 rapuit
614 3159 715 3231 Nero,
734 3157 906 3220 montibus
923 3177 1039 3219 aurum

123 3279 292 3349 exaequet,
312 3287 374 3330 nee
391 3275 480 3329 amet
498 3286 698 3347 quemquam
715 3285 777 3327 nec
794 3274 925 3327 ametur
941 3264 982 3326 ab
1000 3264 1076 3327 ullo.
1122 3294 1167 3343 130
