2422 4006
85 274 116 324 74
508 275 710 324 lVVENALlS

85 443 291 506 dissimilem.
340 443 463 524 quippe
481 442 535 505 ille
552 443 624 506 deis
640 444 833 507 auctoribus
851 444 941 509 ultor
1038 492 1039 496 ,
1150 508 1153 517 ,

84 551 188 632 patris
206 559 277 614 erat
295 551 384 613 caesi
401 551 510 613 media
527 550 616 613 inter
632 550 760 634 pocula,
780 553 838 615 sed
856 573 919 617 nec

86 658 241 722 Electrae
258 659 372 741 iugulo
390 679 426 721 se
442 659 560 740 polluit
579 669 635 722 aut
655 658 812 741 Spartani

18 844 22 849 ᾖ
85 767 248 849 sanguine
265 767 420 850 coniugii,
440 767 540 830 nullis
557 768 690 831 aconita
707 768 904 851 propinquis

85 876 228 951 miscuit,
248 876 282 938 in
300 896 421 939 scaena
437 897 619 959 numquam
637 878 785 941 cantavit
803 877 954 954 Orestes,

84 984 206 1047 Troica
222 1005 289 1047 non
307 985 451 1067 scripsit.
500 985 578 1067 quid
597 986 685 1048 enim
702 986 886 1068 Verginius
903 987 1003 1051 armis

85 1093 200 1155 debuit
219 1092 334 1157 ulcisci
351 1094 457 1176 magis
475 1104 531 1156 aut
549 1115 624 1158 cum
642 1094 786 1158 Vindice
804 1095 920 1171 Galba,

70 1201 173 1283 ,quod
192 1202 283 1265 Nero
300 1212 370 1265 tam
388 1222 486 1265 saeva
502 1203 669 1284 crudaque
685 1203 862 1287 tyrannide
877 1204 983 1268 fecit?

85 1310 167 1373 haec
184 1330 285 1391 opera
300 1319 400 1393 atque
416 1311 479 1373 hae
497 1319 575 1373 sunt
592 1311 748 1393 generosi
763 1312 925 1394 principis
943 1322 1041 1388 artes,

85 1418 263 1500 gaudentis
279 1418 379 1481 foedo
396 1419 573 1501 peregrina
589 1421 630 1482 ad
648 1419 778 1501 pulpita
794 1430 896 1484 cantu
1084 1439 1125 1490 τις

85 1526 243 1607 prostitui
261 1526 447 1609 Graiaeque
464 1527 576 1609 apium
595 1527 757 1590 meruisse
775 1548 925 1592 coronae.

86 1635 248 1697 maiorum
265 1635 392 1717 effigies
410 1636 555 1698 habeant
573 1635 718 1718 insignia
733 1636 834 1712 vociS,

85 1753 164 1805 ante
181 1745 284 1825 pedes
303 1744 433 1806 Domiti
449 1743 586 1826 longum
604 1753 641 1807 tu
658 1764 746 1826 pone
763 1745 934 1828 Thyestae

86 1872 197 1936 syrma
213 1853 266 1915 vel
284 1852 481 1935 Antigonae
497 1873 675 1934 personam
692 1852 745 1914 vel
763 1852 985 1934 Melanippae,

87 1970 120 2022 et
138 1961 179 2022 de
195 1981 380 2024 marmoreo
397 1961 559 2024 citharam
578 1962 746 2042 suspende
763 1960 902 2025 colosso,

134 2069 234 2151 Quid,
253 2070 407 2144 Catilina,
425 2070 493 2133 tuis
511 2070 679 2132 natalibus
696 2079 797 2151 atque
815 2069 958 2152 Cethegi

87 2177 233 2240 inveniet
251 2179 426 2260 quisquam
445 2178 645 2242 sublimius?
693 2199 785 2240 arma
801 2188 914 2241 tamen
931 2199 991 2242 vos

87 2296 252 2348 nocturna
268 2296 301 2349 et
319 2287 469 2349 flammas
486 2286 639 2349 domibus
657 2285 859 2368 templisque
876 2287 1010 2368 paratis,

87 2405 123 2456 ut
142 2396 352 2458 bracatorum
370 2396 465 2478 pueri
483 2395 722 2477 Senonumque
740 2395 893 2470 minores,

87 2503 159 2565 ausi
176 2504 265 2584 quod
283 2503 381 2567 liceat
399 2504 513 2566 tunica
529 2504 647 2585 punire
664 2503 815 2567 molesta.

87 2612 146 2673 sed
163 2612 278 2693 vigilat
296 2612 414 2675 consul
431 2612 615 2694 vexillaque
632 2620 744 2674 vestra
761 2622 912 2689 coercet;

88 2719 142 2782 hic
159 2740 265 2782 novus
283 2720 442 2802 Arpinas,
462 2720 617 2802 ignobilis
635 2730 669 2782 et
688 2721 786 2783 modo
805 2721 933 2783 Romae

88 2827 298 2910 municipalis
316 2849 428 2910 eques,
447 2828 614 2910 galeatum
634 2829 727 2909 ponit
745 2828 868 2911 ubique

88 2937 288 3017 praesidium
306 2938 460 3002 attonitis
478 2948 511 2999 et
530 2938 562 2999 in
581 2936 672 3000 omni
689 2946 805 2999 monte
823 2936 961 3002 laborat.

88 3053 219 3107 tantum
237 3045 340 3127 igitur
356 3066 469 3109 muros
486 3045 573 3108 intra
589 3056 669 3127 toga
686 3044 828 3108 contulit
846 3044 893 3106 illi

89 3153 234 3216 nominis
251 3175 289 3216 ac
306 3153 405 3228 tituli,
425 3164 586 3236 quantum
605 3154 638 3215 in
658 3154 824 3229 Leucade,
842 3162 1005 3235 quantum

88 3261 282 3324 Thessaliae
299 3263 424 3344 campis
443 3263 606 3326 Octavius
624 3262 762 3325 abstulit
780 3263 845 3324 udo

89 3369 246 3432 caedibus
264 3370 410 3433 adsiduis
427 3370 557 3452 gladi03
583 3371 641 3433 sed
661 3371 770 3433 Roma
787 3379 971 3452 parentem,

91 3479 199 3541 Roma
216 3488 344 3559 patrem
361 3479 488 3560 patriae
505 3479 703 3542 Ciceronem
721 3478 825 3542 libera
842 3477 934 3541 dixit.

89 3585 237 3668 Arpinas
254 3586 339 3649 alius
356 3586 554 3650 Volscorum
574 3587 607 3649 in
625 3596 740 3649 monte
758 3586 886 3649 solebat
