2422 4006
487 276 633 325 SATVRA
659 277 686 323 ll
1075 275 1102 323 ll

58 445 138 529 quid
149 455 264 509 tamen
276 452 482 526 exspectant,
497 443 639 527 Phrygio
650 463 733 526 quos
746 451 879 525 tempus
891 452 961 505 erat
973 442 1037 505 iam
1059 463 1105 516 115

59 574 152 617 more
170 573 409 635 supervacuam
426 551 544 615 cultris
561 551 759 632 abrumpere
776 552 934 614 carnem?

59 661 306 745 quadringenta
323 660 415 724 dedit
435 659 608 735 Gracchus
625 659 783 722 sestertia
799 661 911 723 dotem

60 769 232 845 cornicini,
252 768 322 832 sive
340 768 393 831 hic
411 777 503 831 recto
521 776 711 832 cantaverat
728 787 823 844 aere;

61 880 215 961 signatae
231 876 374 952 tabulae,
393 876 520 940 dictum
541 875 723 951 ‘feliciten’
743 876 862 958 ingens

61 1007 146 1052 cena
163 987 266 1062 sedet,
285 985 412 1068 gremio
430 984 530 1049 iacuit
548 1004 634 1048 nova
650 995 756 1067 nupta
772 985 891 1048 mariti.

61 1116 81 1159 o
99 1114 264 1178 proceres,
284 1114 423 1158 censore
439 1113 524 1176 opus
541 1103 592 1158 est
609 1115 652 1157 au
670 1094 847 1176 haruspice
863 1094 984 1157 nobis?

62 1204 191 1267 scilicet
208 1204 361 1267 horreres
379 1201 570 1285 maioraque
587 1211 739 1266 monstra
756 1211 899 1284 putares,

62 1313 91 1376 si
108 1311 227 1375 mulier
243 1311 384 1376 vitulum
401 1311 453 1374 vel
471 1311 499 1375 si
514 1311 575 1375 bos
591 1312 705 1374 ederet
723 1312 870 1393 agnum?

62 1429 241 1503 segmenta
257 1429 291 1483 et
309 1420 427 1503 longos
446 1419 580 1484 habitus
598 1429 632 1482 et
649 1418 802 1482 flammea
818 1420 929 1494 sumit,

61 1548 185 1593 arcano
202 1527 259 1611 qui
275 1548 367 1592 sacra
384 1528 498 1592 ferens
515 1526 669 1591 nutantia
685 1527 755 1590 loro

63 1637 197 1701 sudavit
214 1635 341 1719 clupeis
359 1636 533 1701 ancilibus.
583 1657 602 1699 o
620 1645 714 1718 pater
731 1637 832 1711 urbis,

64 1747 153 1809 unde
170 1745 265 1808 nefas
283 1754 414 1809 tantum
434 1745 540 1808 Latiis
558 1745 770 1827 pastoribus?
803 1746 891 1808 unde

62 1854 147 1917 haec
164 1853 287 1936 tetigit,
307 1853 461 1929 Gradive,
480 1862 557 1917 tuos
576 1853 684 1916 urtica
700 1854 864 1935 nepotes?

18 1957 34 1978 '
63 1962 209 2025 traditur
224 1981 304 2026 ecce
319 1963 390 2025 viro
408 1962 515 2026 clarus
532 1948 656 2044 genere
672 1970 772 2044 atque
789 1962 908 2044 opibus
926 1964 983 2038 vir,

63 2091 128 2134 nec
145 2070 273 2153 galeam
291 2091 439 2154 quassas,
459 2090 521 2135 nec
538 2079 660 2134 terram
678 2070 814 2152 cuspide
831 2071 953 2153 pulsas
1062 2091 1108 2141 130

63 2200 130 2243 nec
146 2179 295 2262 quereris
312 2179 423 2261 patri?
457 2179 540 2242 vade
558 2198 638 2261 ergo
656 2189 689 2242 et
707 2179 788 2242 cede
804 2181 910 2242 severi

64 2287 237 2368 iugeribus
254 2287 363 2370 campi
379 2307 478 2370 quem
496 2267 656 2369 neglegis
708 2287 868 2350 ‘officium
888 2310 959 2352 cras

64 2396 173 2478 primo
191 2396 260 2459 sole
278 2396 359 2458 mihi
375 2396 602 2479 peragendum
621 2396 654 2458 in
671 2396 755 2458 valle
775 2396 927 2478 Quirini'

64 2524 152 2588 quae
169 2523 269 2568 causa
284 2503 408 2568 officii?
444 2504 540 2587 ‘quid
553 2504 707 2586 quaeris?
740 2505 835 2567 nubit
853 2506 979 2569 amicus

64 2633 129 2676 nec
146 2613 270 2676 multos
286 2612 444 2678 adhibet’
495 2613 592 2677 liceat
611 2614 709 2677 modo
726 2614 858 2678 vivere:
883 2614 973 2689 fient,

65 2722 149 2783 fient
166 2721 231 2784 ista
247 2721 365 2804 palam,
385 2722 521 2804 cupient
539 2731 571 2784 et
590 2722 623 2784 in
641 2731 715 2785 acta
732 2722 856 2786 referri.

65 2830 195 2893 interea
211 2840 416 2895 tormentum
433 2831 554 2913 ingens
570 2832 776 2894 nubentibus
794 2832 917 2907 haeret,

66 2939 155 3021 quod
173 2949 341 3022 nequeant
358 2960 474 3023 parere
493 2950 527 3003 et
544 2950 642 3023 partu
661 2941 807 3004 retinere
824 2942 970 3004 maritos.

66 3048 126 3110 sed
143 3048 273 3126 melius,
291 3050 380 3133 quod
398 3049 444 3112 uil
461 3049 581 3113 animis
599 3050 633 3112 in
651 3070 789 3133 corpora
806 3049 885 3112 iuris

65 3165 187 3220 natura
203 3157 375 3240 indulget:
400 3158 532 3222 steriles
549 3158 746 3234 moriuntur,
766 3168 799 3221 et
816 3158 878 3220 illis

65 3264 201 3348 turgida
217 3286 284 3328 non
302 3267 437 3348 prodest
454 3267 588 3330 condita
605 3267 725 3351 pyxide
744 3267 847 3351 Lyde,

65 3394 129 3437 nec
147 3374 284 3456 prodest
300 3373 379 3456 agili
396 3373 522 3457 palmas
541 3376 701 3458 praebere
718 3376 862 3456 luperco

64 3482 146 3546 vicit
165 3491 199 3545 et
217 3483 280 3546 hoc
297 3492 485 3546 monstrum
503 3483 645 3547 tunicati
661 3483 793 3547 fuscina
811 3484 962 3559 Gracchi,

65 3589 290 3674 lustravitque
307 3590 388 3673 fuga
405 3592 547 3654 mediam
566 3591 730 3674 gladiator
746 3593 905 3655 harenam
