2422 4006
90 294 120 342 14
507 295 710 343 IVVENALIS

38 469 45 481 ’
89 462 245 525 cedamus
263 462 376 544 patria.
424 462 537 524 vivant
555 460 713 524 Artorius
731 462 808 525 istic

89 578 122 632 et
141 569 290 645 Catulus,
309 578 466 632 maneant
483 569 541 652 qui
558 570 690 651 nigrum
708 570 741 632 in
760 571 900 634 candida
915 582 1062 648 vertunt,
1101 598 1133 646 30

88 678 163 759 quis
179 677 277 741 facile
295 686 346 740 est
363 677 479 740 aedem
497 678 684 741 conducere
700 678 839 741 flumina
856 691 980 761 portus,
1142 674 1144 681 ’

89 786 277 849 siccandam
294 786 446 861 eluviem,
465 788 666 868 portandum
684 787 724 848 ad
742 787 842 850 busta
859 789 1007 863 cadaver,

89 903 122 956 et
139 895 299 976 praebere
317 903 416 976 caput
434 894 568 957 domina
583 894 701 957 venale
719 894 782 958 sub
799 895 904 960 hasta.
1026 970 1042 985 ,.

88 1003 254 1084 quondam
272 1002 307 1064 hi
324 1003 510 1066 cornicines
528 1011 561 1064 et
580 1002 789 1085 municipalis
806 1004 950 1067 harenae
978 998 983 1023 ³
1027 992 1046 999 ..
1080 1008 1083 1017 '
1110 1000 1118 1015 ‘

88 1111 240 1192 perpetui
257 1111 397 1174 comites
414 1121 580 1192 notaeque
597 1131 657 1192 per
673 1111 795 1193 oppida
811 1112 945 1187 buccae,
1100 1139 1130 1188 35

88 1239 226 1282 munera
242 1240 330 1282 nunc
348 1219 450 1282 edunt
468 1229 501 1281 et
519 1239 615 1281 verso
632 1219 753 1301 pollice
769 1219 903 1302 vulgus-

89 1348 163 1391 cum
181 1328 283 1402 iubet,
302 1328 458 1391 occidunt
476 1327 698 1409 populariter;
723 1327 801 1390 inde
818 1330 942 1392 reversi

87 1437 278 1500 conducunt
294 1436 416 1499 loricas
434 1457 440 1511 3
466 1445 500 1498 et
517 1457 575 1499 cur
592 1456 659 1498 non
677 1437 809 1499 omnia?
842 1458 917 1500 cum
936 1438 1003 1500 sint

87 1544 201 1627 quales
219 1564 259 1606 ex
276 1544 393 1606 humili
409 1564 530 1626 magna
545 1544 586 1606 ad
603 1545 739 1627 fastigia
755 1565 865 1608 rerum

87 1652 387 1734 extollitqquotiens
404 1652 508 1715 voluit
528 1644 677 1715 Fortuna
695 1653 803 1716 iocari.
846 1663 849 1670 '

86 1762 164 1843 quid
183 1762 309 1824 Romae
326 1759 469 1824 faciam?
502 1761 636 1823 mentiri
652 1762 785 1837 nescio;
809 1761 939 1837 librum,

87 1870 114 1933 si
132 1870 236 1933 malus
254 1879 315 1943 est,
333 1889 464 1951 nequeo
481 1868 613 1931 laudare
631 1879 664 1931 et
683 1888 839 1950 poscere;
865 1880 976 1933 motus

85 1988 249 2041 astrorum
268 1978 403 2060 ignoro;
427 1977 529 2040 funus
546 1977 740 2058 promittere
757 1977 860 2059 patris

86 2106 147 2150 nec
165 2087 239 2149 volo
255 2067 318 2149 nec
335 2106 491 2169 possum;
516 2104 666 2148 ranarum
685 2085 813 2148 viscera
829 2106 1010 2169 numquam
1100 2162 1106 2169 .

85 2195 232 2277 inspexi;
257 2195 346 2258 ferre
362 2194 403 2258 ad
420 2203 559 2276 nuptam
576 2214 660 2275 quae
678 2194 781 2256 mittit
798 2195 937 2270 adulter,
1045 2244 1076 2281 ἱ,
1094 2218 1125 2267 45

85 2324 169 2386 quae
186 2305 331 2378 mandat,
351 2312 473 2365 norunt
491 2302 565 2379 alii;
591 2322 759 2389 menenio
777 2302 960 2392 ministro*¹
980 2299 1039 2401 ἧκέ(
1059 2288 1071 2305 ’“

84 2412 138 2474 fur
155 2411 227 2486 erit,
246 2420 347 2493 atque
364 2412 438 2474 ideo
456 2411 538 2473 nulli
555 2431 667 2474 comes
685 2431 774 2486 exeo,
794 2419 962 2494 tamquam

85 2541 223 2583 mancus
240 2529 273 2582 et
291 2519 475 2583 exstinctae
492 2539 612 2600 corpus
631 2540 698 2582 non
716 2519 798 2582 utile
814 2520 959 2583 dextrae.

83 2628 158 2710 quis
176 2648 265 2690 nunc
282 2627 433 2709 diligitur
450 2628 514 2690 nisi
531 2627 687 2691 conscius
705 2637 738 2690 et
757 2628 810 2690 cui
825 2627 960 2690 fervens

83 2745 213 2799 aestuat
231 2735 373 2800 occultis
389 2735 520 2799 animus
537 2755 734 2818 semperque
751 2736 926 2799 tacendis?
1095 2759 1125 2810 50

82 2845 128 2907 nil
146 2843 208 2907 tibi
225 2864 261 2907 se
278 2844 399 2908 debere
417 2853 522 2926 putat,
542 2843 586 2906 nil
606 2844 756 2925 conferet
774 2864 939 2925 umquam,

82 2952 278 3035 participem
296 2953 404 3035 quite
421 2953 543 3016 secreti
560 2952 641 3016 fecit
659 2951 811 3014 honesti.

82 3081 178 3126 carus
196 3061 259 3125 erit
275 3060 374 3124 Verri
390 3081 447 3143 qui
439 3060 604 3123 Verrem
622 3069 772 3145 ternpore
789 3081 855 3143 quo
872 3060 941 3122 vult

81 3190 239 3235 accusare
256 3179 376 3251 potest
426 3168 530 3263 tanti
496 3126 634 3231 'lilii
609 3189 676 3231 non
695 3169 737 3232 sit
755 3169 848 3251 opaci

81 3279 190 3343 omnis
207 3280 330 3341 harena
347 3277 432 3359 Tagi
448 3277 628 3360 quodque
620 3298 652 3339 1n
671 3298 761 3340 mare
778 3276 922 3340 volvitur
938 3297 1064 3351 aurum,
1093 3297 1123 3349 55

82 3399 118 3452 ut
136 3408 253 3452 somno
271 3407 384 3451 careas
402 3387 623 3469 ponendaque
641 3386 787 3467 praemia
804 3405 916 3448 sumas

80 3498 188 3560 tristis
206 3506 239 3560 et
256 3518 276 3559 a
292 3516 414 3578 magno
432 3515 563 3577 semper
580 3494 862 3558 timearis'amico.

128 3606 224 3688 Quae
241 3625 330 3667 nunc
347 3603 506 3666 divitibus
523 3624 607 3685 gens
624 3602 859 3684 acceptissima
876 3602 1011 3677 nostris,
