2422 4006
84 282 116 330 64
507 283 710 333 IVVENALIS

84 449 241 531 quidquid
260 449 292 512 id
310 458 362 512 est
379 450 421 512 de
438 469 503 531 quo
520 450 692 527 deliberat,
710 473 753 515 an
771 463 863 535 petat
881 458 999 521 urbem

84 577 103 619 a
121 556 256 632 Cannis,
275 577 317 619 an
335 566 411 637 post
428 557 560 646 nimbos
578 568 611 621 et
628 559 769 623 fulmina
785 572 904 626 cautus

84 665 288 747 circumagat
306 665 454 728 madidas
471 685 490 728 a
506 675 707 748 tempestate
725 669 889 734 cohortes.

84 784 245 855 quantum
262 773 312 835 vis
331 773 490 855 stipulare
508 784 542 836 et
559 775 711 856 protinus
728 777 860 858 accipe:
886 779 967 861 quid
983 781 1035 857 do,
1084 789 1122 852 165

84 892 120 945 ut
138 883 263 945 totiens
276 871 374 944 'illum
392 892 487 963 pater
503 883 614 946 audiat
627 881 658 944 ?’
685 884 767 948 haec
786 885 840 948 alii
859 906 917 949 sex

84 990 135 1053 vel
153 991 264 1072 plures
282 1011 349 1052 uno
366 990 577 1054 conclamant
594 1011 652 1054 ore
669 993 839 1074 sophistae

84 1110 117 1162 et
135 1119 230 1162 veras
247 1099 376 1181 agitant
394 1099 470 1162 lites
488 1109 621 1180 raptore
639 1099 773 1177 relict03

83 1208 158 1270 fusa
174 1228 303 1270 venena
320 1207 430 1281 silent,
450 1207 556 1270 malus
575 1208 793 1290 ingratusque
810 1210 961 1287 maritus,

84 1326 116 1379 et
134 1337 219 1398 quae
236 1316 300 1378 iam
319 1325 450 1378 veteres
468 1325 589 1378 sanant
607 1317 764 1379 mortaria
780 1337 907 1382 caecos.
1085 1340 1124 1389 170

84 1445 163 1506 ergo
181 1424 246 1487 sibi
262 1424 354 1486 dabit
372 1424 443 1504 ipse
461 1425 585 1498 rudem,
606 1424 634 1486 si
651 1435 768 1488 nostra
785 1427 968 1490 movebunt

84 1533 230 1607 consilia,
250 1542 283 1594 et
300 1533 389 1594 vitae
406 1532 573 1594 diversum
591 1533 654 1594 iter
671 1533 885 1615 ingredietur,

83 1643 124 1704 ad
142 1662 288 1723 pugnarn
306 1640 362 1722 qui
378 1640 544 1703 rhetorica
561 1641 734 1704 descendit
751 1642 793 1704 ab
811 1643 937 1718 umbra,

84 1749 249 1813 summula
265 1769 308 1811 ne
325 1759 439 1830 pereat
456 1769 521 1830 qua
537 1749 610 1811 vilis
627 1758 756 1812 tessera
772 1751 864 1812 venit

82 1858 252 1920 frumenti.
302 1857 424 1938 quippe
437 1858 519 1920 haec
532 1877 660 1920 merces
674 1858 869 1922 lautissima.
920 1869 1049 1942 tempta
1085 1878 1123 1931 175

85 1966 324 2050 Chrysogonus
342 1966 458 2046 quanti
475 1966 593 2029 doceat
610 1965 662 2027 vel
684 1963 784 2027 Pollio
801 1967 916 2046 quanti

83 2074 249 2137 lautorum
267 2093 408 2155 pueros:
432 2083 539 2136 artem
557 2073 689 2136 scindes
707 2074 885 2136 Theodori.

83 2183 202 2245 balnea
219 2181 383 2245 sescentis
402 2192 435 2244 et
453 2182 556 2263 pluris
574 2181 722 2262 porticus
741 2183 774 2244 in
792 2204 857 2264 qua

83 2301 236 2373 gestetur
252 2290 407 2353 dominus
425 2291 581 2371 quotiens
600 2290 682 2370 pluit
693 2328 739 2336 —
752 2303 839 2353 anne
857 2310 1011 2354 serenum

83 2408 255 2481 exspectet
274 2408 475 2479 spargatque
492 2398 563 2460 luto
580 2399 729 2461 iumenta
746 2399 896 2462 recenti?
1084 2406 1125 2456 180

83 2507 137 2570 hic
154 2507 275 2589 potius,
296 2526 440 2587 namque
458 2506 511 2569 hic
529 2508 673 2569 mundae
690 2507 775 2569 nitet
794 2507 919 2588 ungula
935 2508 1064 2585 mulae;

82 2626 177 2696 parte
193 2615 258 2678 alia
274 2614 384 2696 longis
405 2615 623 2677 Numidarum
641 2615 727 2677 fulta
744 2615 907 2677 columnis

83 2734 198 2806 surgat
215 2734 249 2786 et
266 2723 435 2805 algentem
455 2724 709 2804 rapiatcenatio
728 2723 840 2786 solem.

82 2832 343 2914 quanticumque
362 2833 491 2906 domus,
510 2832 622 2894 veniet
640 2831 695 2912 qui
713 2831 839 2894 fercula
856 2832 955 2895 docte

82 2951 259 3021 conponat,
278 2940 389 3003 veniet
410 2941 466 3022 qui
483 2940 705 3021 pulmentaria
722 2940 844 3002 condit.
1085 2948 1127 3012 185

81 3049 142 3111 hos
161 3050 248 3112 inter
266 3059 420 3131 sumptus
439 3049 594 3111 sestertia
613 3048 830 3130 Quintiliano,

82 3168 117 3220 ut
136 3158 288 3232 multum,
307 3159 373 3220 duo
391 3157 576 3232 sufficient;
604 3177 656 3218 res
674 3156 764 3219 nulla
781 3157 919 3219 minoris

82 3267 250 3330 constabit
267 3266 354 3347 patri
371 3287 469 3348 quam
488 3265 585 3328 filius.
637 3266 743 3327 ‘unde
760 3265 863 3346 igitur
879 3274 930 3328 tot

83 3374 312 3457 Quintilianus
329 3375 430 3438 habet
448 3375 577 3437 saltus?
591 3372 596 3395 ’
648 3373 797 3454 exempla
814 3393 976 3436 novorum

80 3483 226 3546 latorum
244 3484 369 3546 transi:
394 3483 473 3545 felix
491 3493 523 3544 et
542 3481 657 3563 pulcer
674 3490 707 3543 et
723 3501 809 3556 acer,
1084 3505 1129 3556 190

10 3671 13 3677 Ι
81 3591 161 3653 felix
179 3602 211 3654 et
230 3592 362 3672 sapiens
380 3601 413 3653 et
432 3590 553 3652 nobilis
571 3599 604 3652 et
622 3609 814 3671 generosus,
