2422 4006
542 288 743 336 lVVENALlS

525 521 685 572 SATVRA
715 521 757 571 lX

122 671 216 734 Scire
233 671 331 734 velim
350 692 452 753 quare
468 671 594 734 totiens
612 671 703 746 mihi,
724 672 881 746 Naevole,
901 673 1007 736 tristis

120 800 274 843 occurras
292 780 404 842 fronte
421 780 567 843 obducta
586 800 648 842 ceu
667 780 801 862 Marsya
817 779 937 843 victus.

120 888 198 969 quid
216 887 277 962 tibi
295 908 370 951 cum
387 887 482 950 vultu
500 889 631 969 qualem
646 889 831 969 deprensus
849 889 994 952 habebat

123 996 249 1058 Ravola
265 998 343 1059 dum
363 997 546 1078 Rhodopes
564 998 628 1059 uda
646 997 725 1060 terit
743 997 881 1078 inguina
898 999 1025 1060 barba?

121 1125 182 1167 nos
199 1105 374 1186 colaphum
393 1105 572 1168 incutimus
590 1105 751 1168 lambenti
769 1105 917 1168 crustula
934 1127 1038 1169 servo.
1139 1122 1150 1173 5

120 1233 187 1275 non
205 1213 268 1275 erit
287 1214 348 1276 bac
366 1213 452 1275 facie
469 1212 690 1276 miserabilior
707 1213 906 1295 Crepereius

123 1321 234 1395 Pollio,
254 1320 311 1402 qui
327 1321 492 1402 triplicem
511 1317 643 1384 usuram
662 1332 833 1402 praestare
849 1332 985 1403 paratus

121 1429 273 1493 circumit
291 1439 323 1491 et
341 1429 452 1492 fatuos
470 1449 536 1491 non
554 1429 690 1492 invenit.
742 1430 830 1492 unde
847 1440 987 1511 repente

120 1547 170 1600 tot
188 1538 314 1618 rugae?
363 1548 454 1600 certe
471 1538 602 1600 modico
620 1548 802 1600 contentus
819 1539 944 1620 agebas

120 1666 255 1708 vernam
274 1645 430 1727 equitem,
450 1646 589 1708 conviva
606 1646 679 1709 ioco
696 1647 871 1709 mordente
887 1647 1018 1710 facetus
1130 1665 1153 1700 10

121 1764 154 1817 et
172 1754 296 1816 salibus
313 1755 495 1816 vehemens
514 1754 601 1816 intra
617 1754 765 1836 pomeria
782 1755 879 1818 natis.

120 1862 232 1926 omnia
249 1884 338 1925 nunc
356 1871 491 1924 contra:
515 1863 627 1925 vultus
645 1863 765 1944 gravis,
784 1863 918 1925 horrida
935 1864 1044 1928 siccae

121 1971 204 2033 silva
221 1991 345 2044 comae,
365 1970 476 2033 nullus
493 1980 564 2033 tota
580 1971 670 2033 nitor
688 1971 721 2032 in
739 1981 816 2034 cute
835 1972 966 2053 qualem

122 2079 253 2142 Bruttia
271 2079 460 2159 praestabat
479 2079 576 2141 calidi
593 2079 655 2141 tibi
672 2079 776 2142 fascia
792 2080 884 2153 visci,

121 2188 179 2249 sed
196 2187 377 2249 fruticante
394 2187 461 2268 pilo
479 2187 633 2269 neglecta
650 2196 682 2249 et
701 2186 850 2269 squalida
866 2208 972 2252 crura.
1131 2205 1154 2256 Ι5

120 2295 198 2376 quid
216 2295 339 2358 macies
356 2295 448 2376 aegri
464 2297 596 2368 veteris,
616 2316 713 2376 quem
732 2305 883 2376 tempore
900 2295 1001 2378 longo

119 2413 225 2465 torret
243 2413 361 2484 quarta
377 2403 449 2465 dies
467 2403 613 2485 olimque
630 2404 815 2466 domestica
832 2403 961 2466 febris?

120 2512 307 2593 deprendas
324 2512 425 2573 animi
442 2520 612 2574 tormenta
629 2512 765 2574 latentis
783 2512 817 2573 in
834 2532 935 2593 aegro

119 2640 267 2701 corpore,
286 2620 471 2700 deprendas
490 2630 523 2681 et
542 2620 662 2701 gaudia
673 2640 680 2694 ;
707 2619 810 2681 sumit
829 2630 1007 2701 utrumque

119 2729 196 2790 inde
214 2729 362 2790 habitum
379 2728 492 2791 facies.
543 2728 644 2809 igitur
661 2728 794 2790 flexisse
811 2728 932 2790 videris
1130 2755 1156 2789 ιο

119 2837 325 2918 propositum
345 2846 377 2898 et
396 2836 484 2898 vitae
502 2837 687 2899 contrarius
706 2836 753 2898 ire
770 2835 879 2917 priori.

119 2966 225 3026 nuper
243 2945 341 3019 enim,
361 2954 397 3006 ut
415 2956 541 3025 repeto
560 2945 675 3007 fanum
695 2945 795 3007 Isidis
813 2955 845 3006 et
865 2944 1095 3027 Ganymedem

120 3053 213 3116 Pacis
232 3063 265 3115 et
282 3054 442 3116 advectae
459 3063 587 3116 secreta
605 3053 729 3115 Palatia
745 3053 861 3115 matris

119 3171 151 3223 et
171 3161 326 3223 Cererem
338 3182 469 3223 —nam
488 3182 553 3243 quo
571 3182 638 3223 non
656 3170 785 3242 prostat
803 3161 929 3223 femina
945 3160 1146 3242 templo?—

119 3271 229 3332 notior
246 3269 383 3332 Aufidio
401 3271 560 3332 moechus
578 3271 740 3333 scelerare
758 3270 897 3344 solebas
1133 3287 1160 3338 25

118 3378 272 3460 quodque
290 3388 391 3453 taceS,
410 3378 500 3460 ipsos
518 3379 619 3441 etiam
637 3378 798 3442 inclinare
815 3377 960 3441 maritos

166 3487 275 3548 ‘Vtile
293 3497 326 3549 et
344 3488 406 3550 hoc
423 3487 537 3549 multis
555 3488 643 3549 vitae
660 3508 777 3569 genus,
795 3496 829 3549 at
847 3486 930 3549 mihi
947 3485 1075 3549 nullum

119 3595 195 3657 inde
214 3616 335 3676 operae
353 3595 507 3677 pretium.
557 3596 697 3677 pingues
715 3595 892 3676 aliquando
910 3595 1070 3670 lacernas,
