2422 4006
499 282 646 329 SATVRA
671 283 710 328 IV

80 451 158 514 irati
174 450 311 514 faciunt.
362 449 500 512 libertas
517 449 672 531 pauperis
690 450 772 514 haec
790 461 861 514 est:

80 559 235 641 pulsatus
252 567 347 640 rogat
365 567 398 620 et
416 557 538 640 pugnis
557 557 711 621 concisus
729 560 843 622 adorat
1081 583 1129 633 300

81 677 120 731 ut
137 667 236 731 liceat
254 666 368 748 paucis
385 687 460 730 cum
479 665 636 729 dentibus
654 666 733 730 inde
750 669 882 731 reverti.

80 796 145 840 nec
162 785 276 839 tamen
294 775 375 838 haec
393 784 523 837 tantum
543 785 683 838 metuas.
733 797 809 840 nam
827 778 883 860 qui
899 778 1019 860 spoliet
1037 788 1071 841 te

82 904 151 947 non
168 883 255 947 derit
273 883 394 947 clausis
411 883 574 958 domibus,
594 894 772 968 postquam
789 887 899 949 omnis
915 887 1038 970 ubique

82 994 148 1056 fixa
165 1001 338 1056 catenatae
356 992 447 1055 siluit
465 1013 626 1076 compago
644 994 811 1058 tabernae.

82 1102 252 1164 interdum
270 1110 302 1164 et
320 1101 409 1164 ferro
427 1102 558 1165 subitus
576 1101 745 1184 grassator
761 1103 830 1185 agit
848 1124 937 1181 rem;
1080 1125 1128 1177 305

81 1220 211 1273 armato
228 1209 383 1293 quotiens
401 1219 495 1273 tutae
513 1211 653 1274 custode
669 1220 829 1273 tenentur

82 1327 118 1381 et
136 1319 311 1400 Pomptina
327 1317 423 1399 palus
440 1327 474 1381 et
492 1318 671 1382 Gallinaria
688 1319 796 1400 pinus,

82 1427 132 1490 sic
149 1426 227 1490 inde
244 1427 310 1490 huc
326 1447 443 1490 omnes
460 1436 630 1510 tamquam
648 1428 688 1489 ad
705 1427 829 1492 vivaria
845 1439 992 1493 currunt.

82 1556 149 1618 qua
165 1536 301 1599 fornace
317 1556 445 1617 graves,
465 1556 530 1618 qua
547 1555 614 1598 non
633 1535 751 1598 incude
769 1538 930 1600 catenae?

82 1643 247 1707 maximus
264 1643 299 1705 in
315 1643 432 1707 vinclis
448 1644 529 1706 ferri
547 1644 674 1718 modus,
694 1652 731 1706 ut
749 1644 867 1708 timeas
884 1665 927 1708 ne
1080 1668 1128 1718 310

82 1772 198 1815 vomer
215 1751 356 1827 deficiat,
375 1772 418 1815 ne
435 1773 562 1816 marrae
579 1761 613 1815 et
631 1752 760 1815 sarcula
776 1752 895 1816 desint.

82 1860 200 1924 felices
216 1881 414 1943 proavorum
431 1870 556 1936 atavos,
574 1861 685 1924 felicia
701 1861 791 1924 dicas

84 1968 217 2036 saecula
233 1989 318 2052 quae
335 1970 502 2052 quondam
520 1970 583 2033 sub
601 1970 736 2051 regibus
753 1979 853 2052 atque
870 1970 1013 2033 tribunis

83 2076 239 2141 viderunt
256 2097 323 2140 uno
340 2086 533 2141 contentam
551 2098 683 2142 carcere
701 2079 853 2141 Romam.

131 2185 197 2249 His
214 2185 295 2249 alias
311 2196 461 2268 poteram
479 2196 512 2250 et
531 2186 635 2268 pluris
653 2188 853 2250 subnectere
871 2207 997 2250 causas.
1081 2208 1128 2261 315

84 2295 143 2358 sed
160 2294 310 2358 iumenta
326 2304 447 2358 vocant
465 2303 499 2358 et
517 2294 567 2358 sol
583 2295 732 2370 inclinat,
752 2296 897 2358 eundum
916 2305 988 2372 est;

84 2422 161 2466 nam
178 2401 259 2465 mihi
275 2411 442 2466 commota
458 2403 523 2466 iam
540 2403 663 2467 dudum
682 2403 783 2467 mulio
800 2404 893 2487 virga

82 2510 207 2576 adnuit.
257 2531 336 2594 ergo
352 2512 425 2574 vale
442 2512 547 2575 nostri
564 2532 700 2588 memor,
719 2521 752 2575 et
770 2512 926 2595 quotiens
942 2522 976 2576 te

85 2621 194 2683 Roma
209 2629 269 2683 tuo
285 2620 381 2684 refici·
393 2629 627 2702 properantem
644 2621 760 2683 reddet
777 2619 935 2704 Aquino,-

84 2748 137 2791 me
147 2748 280 2811 quoque
290 2729 331 2791 ad
343 2727 522 2792 Helvinam
531 2728 687 2792 Cererem
695 2738 908 2812 vestramque
919 2730 1061 2793 Dianam
1080 2751 1129 2801 320

84 2846 243 2900 converte
258 2857 278 2899 a
296 2836 420 2900 Cumis.
472 2846 659 2900 saturarum
677 2857 749 2919 ego,
768 2837 803 2900 ni
820 2838 922 2919 pudet
940 2837 1022 2912 illas,

83 2944 217 3008 auditor
233 2944 361 3027 gelidos
378 2944 509 3008 veniam
528 2944 690 3027 caligatus
708 2946 741 3007 in
758 2947 883 3027 agros’

488 3219 649 3271 SATVRA
679 3219 719 3269 IV

86 3378 174 3441 Ecce
192 3378 310 3441 iterum
330 3378 514 3460 Crispinus,
534 3387 568 3440 et
585 3387 637 3441 est
655 3378 736 3440 mihi
753 3399 852 3460 saepe
868 3380 1036 3442 vocandus

84 3487 125 3548 ad
142 3495 264 3568 partes
283 3495 470 3549 monstrum
488 3486 579 3549 nulla
594 3486 718 3549 virtute
735 3488 945 3568 redemptum

85 3594 218 3668 avitiis,
237 3614 356 3676 aegrae
374 3595 510 3677 solaque
527 3594 662 3657 libidine
679 3595 784 3657 fortes
