2422 4006
500 287 646 335 SATVRA
671 288 710 335 VI
1095 289 1129 338 49

128 454 165 517 Si
182 455 306 536 gaudet
324 464 435 529 cantu,
455 454 579 517 nullius
597 455 698 518 fibula
715 456 811 519 durat
1081 487 1110 532 41
1116 486 1129 539 ς

80 582 196 625 vocem
214 562 392 625 vendentis
409 562 629 644 praetoribus,
679 584 805 646 organa
822 585 955 646 semper
1057 573 1128 638 (380)

80 670 115 732 in
132 670 297 745 manibus
316 670 413 734 densi
430 670 559 734 radiant
577 671 749 734 testudine
765 682 837 736 tota

80 779 317 862 sardonyches,
336 778 446 860 crispo
464 787 683 842 numerantur
700 781 833 862 pectine
850 782 993 845 chordae

80 907 147 969 quo
164 896 261 949 tener
278 886 484 971 Hedymeles
501 908 619 969 operas
637 889 738 963 dedit,
757 889 847 952 hunc
863 898 967 966 tenet,
986 891 1049 954 hoc
1067 911 1103 953 se

80 995 217 1069 solatur,
237 1004 399 1077 gratoque
416 981 569 1077 indulget
587 997 680 1060 basia
697 997 834 1078 plectro.
1081 1019 1131 1066 420

80 1104 244 1186 quaedam
261 1103 303 1166 de
320 1120 459 1166 numero
479 1105 670 1168 Lamiarum
687 1126 726 1168 ac
743 1105 888 1169 nominis
907 1106 998 1188 Appi
1060 1114 1129 1180 (385)

81 1222 114 1274 et
133 1212 222 1274 farre
239 1220 273 1274 et
289 1211 368 1273 vino
387 1213 504 1274 lanum
522 1212 730 1296 Vestamque
747 1215 894 1296 rogabat,

81 1341 123 1382 an
142 1319 365 1401 Capitolinam
383 1320 520 1383 deberet
539 1321 642 1384 Pollio
659 1342 818 1404 quercum

82 1449 217 1510 sperare
234 1437 268 1491 et
285 1429 407 1492 fidibus
424 1429 630 1510 promittere.
679 1431 758 1511 quid
774 1431 900 1494 iaceret
918 1431 992 1513 plus

82 1547 280 1619 aegrotante
296 1537 376 1611 viro,
396 1537 534 1600 medicis
551 1538 630 1619 quid
648 1538 802 1601 tristibus
820 1558 899 1620 erga
1082 1559 1131 1612 425

83 1645 243 1709 filiolum?
291 1646 387 1709 stetit
404 1657 483 1709 ante
500 1667 590 1709 aram
608 1667 670 1709 nec
688 1657 787 1729 turpe
804 1647 933 1728 putavit
1059 1655 1130 1720 (390)

84 1774 142 1834 pro
159 1754 286 1817 cithara
302 1753 412 1816 velare
430 1763 530 1836 caput
548 1755 740 1836 dictataque
756 1755 859 1817 verba

85 1855 230 1942 pertulit,
249 1872 286 1924 ut
303 1883 375 1925 mos
393 1872 453 1937 est,
473 1872 507 1925 et
524 1872 640 1944 aperta
656 1863 773 1944 palluit
792 1883 886 1945 agna.

85 1969 136 2034 dic
153 1970 235 2032 mihi
252 1991 341 2033 nunc
358 1990 492 2051 quaeso,
511 1971 574 2045 dic,
593 1971 826 2053 antiquissime
845 1971 966 2045 divum,

86 2080 268 2161 respondes
286 2078 348 2153 his,
369 2079 450 2141 lane
467 2080 584 2160 pater?
633 2099 755 2161 magna
772 2079 841 2141 otia
859 2080 941 2142 caeli
957 2101 964 2156 ;
1083 2102 1132 2152 430

85 2208 151 2250 non
170 2187 335 2269 estquod
352 2187 458 2260 vide0,
472 2207 539 2249 non
558 2197 609 2249 est
627 2188 715 2269 quod
728 2197 847 2270 agatur
861 2189 948 2269 apud
965 2209 1032 2251 vos
1061 2195 1130 2259 (395)

85 2295 165 2358 haec
183 2296 225 2358 de
242 2295 411 2358 comoedis
429 2304 462 2357 te
480 2294 634 2369 consulit,
654 2295 709 2358 illa
726 2297 921 2377 tragoedum

84 2404 318 2467 commendare
335 2403 433 2477 volet,
452 2404 622 2466 varicosus
640 2404 697 2466 fiet
715 2404 891 2486 haruspex.

131 2511 199 2576 Sed
217 2521 330 2576 cantet
348 2511 459 2592 potius
476 2532 575 2594 quam
592 2521 698 2574 totam
716 2513 865 2593 pervolet
883 2514 1007 2586 urbem,

84 2621 191 2683 audax
207 2630 241 2682 et
258 2629 375 2682 coetus
392 2619 498 2700 possit
516 2640 600 2701 quae
617 2619 706 2682 ferre
723 2619 866 2683 virorum
1084 2650 1133 2701 435

85 2747 228 2810 cumque
244 2727 410 2809 paludatis
427 2728 568 2790 ducibus
585 2737 762 2808 praesente
780 2728 900 2791 marito
1061 2736 1131 2802 (400)

86 2835 157 2917 ipsa
173 2835 265 2917 loqui
282 2844 374 2898 recta
389 2834 475 2898 facie
493 2835 657 2917 siccisque
675 2835 838 2899 mamillis.

86 2943 167 3006 haec
185 2943 300 3005 eadem
318 2942 410 3004 novit
428 2943 505 3024 quid
523 2951 595 3004 toto
612 2943 670 3005 fiat
688 2943 723 3004 in
740 2944 830 3018 orbe,

86 3050 165 3133 quid
184 3050 294 3125 Seres,
313 3049 392 3132 quid
409 3050 557 3113 Thraces
575 3060 686 3132 agant,
706 3060 834 3114 secreta
851 3072 1011 3116 novercae

87 3169 120 3221 et
136 3159 241 3241 pueri,
261 3158 335 3240 quis
352 3167 451 3233 amet,
470 3159 544 3240 quis
562 3158 735 3240 diripiatur
751 3159 882 3222 adulter
898 3181 905 3236 ;
1085 3183 1135 3229 440

88 3268 175 3332 dicet
192 3269 266 3352 quis
283 3269 416 3331 viduam
433 3277 649 3350 praegnatem
666 3269 786 3332 iecerit
803 3277 837 3330 et
854 3289 918 3350 quo
1063 3276 1133 3342 (405)

89 3398 212 3454 mense,
231 3379 352 3461 quibus
369 3379 480 3441 verbis
498 3380 698 3441 concumbat
716 3398 875 3460 quaeque,
895 3378 1001 3441 modis
1018 3389 1109 3460 quot.

89 3485 268 3551 instantem
288 3488 359 3569 regi
376 3487 539 3550 Armenio
558 3488 747 3570 Parthoque
765 3495 918 3551 cometen
967 3567 968 3570 Ἴ

89 3595 194 3677 prima
209 3595 310 3671 videt,
329 3596 453 3658 famam
471 3615 688 3677 rumoresque
705 3595 759 3658 illa
776 3596 920 3660 recentis
