2422 4006
502 306 648 354 SATVRA
674 306 714 353 IX

82 474 291 539 munimenta
307 485 415 556 togae,
434 474 508 536 duri
526 474 696 555 crassique
714 474 832 536 coloris

81 593 114 646 et
133 584 220 646 male
236 603 412 664 percussas
431 583 569 644 textoris
586 582 720 664 pectine
738 581 825 645 Galli
1099 603 1131 653 30

80 692 273 774 accipimus,
292 702 394 754 tenue
411 700 587 772 argentum
606 709 777 771 venaeque
794 689 970 753 secundae.

80 802 152 863 fata
168 810 290 882 regunt
307 798 471 873 homines,
489 798 597 861 fatum
616 807 719 861 estet
736 797 887 879 partibus
905 797 968 860 illis

79 928 164 990 quas
182 909 274 971 sinus
291 908 477 971 abscondit.
527 928 603 970 nam
621 907 650 969 si
667 906 729 969 tibi
748 906 857 969 sidera
874 916 1020 981 cessant,

81 1017 128 1079 nil
145 1016 246 1080 faciet
263 1016 355 1099 longi
373 1037 530 1079 mensura
547 1016 719 1097 incognita
735 1015 838 1090 nervi,

80 1125 233 1206 quamvis
250 1135 284 1188 te
301 1126 427 1187 nudum
445 1125 614 1206 spumanti
632 1124 731 1187 Virro
748 1122 867 1186 labello
1099 1144 1130 1196 35
1157 1159 1159 1164 -

79 1233 202 1296 viderit
221 1243 253 1296 et
271 1232 413 1296 blandae
425 1233 585 1296 adsiduae
601 1234 794 1314 densaeque
810 1231 954 1294 tabellae

81 1341 273 1415 sollicitent,
292 1337 387 1405 αὐτὸς
405 1338 469 1423 γὰρ
487 1337 662 1422 ἐφέλκεται
679 1337 782 1423 ἄνδρα
799 1336 954 1404 κίναιδος.

80 1450 170 1531 quod
188 1458 301 1511 tamen
318 1449 459 1512 ulterius
477 1458 664 1512 monstrum
682 1470 781 1531 quam
799 1448 908 1512 mollis
926 1449 1067 1511 avarus?

83 1557 195 1620 “haee
213 1557 324 1632 tribui,
343 1557 465 1620 deinde
482 1558 538 1620 illa
554 1557 640 1633 dedi,
659 1578 736 1620 mox
753 1558 848 1640 plura
865 1557 971 1620 tulisti
984 1556 1001 1579 ’⁹

81 1675 253 1748 computat
271 1676 304 1728 et
322 1675 428 1729 cevet.
478 1675 620 1747 ponatur
640 1665 797 1741 calculus,
817 1666 927 1728 adsint
1098 1687 1131 1733 40

81 1796 157 1838 cum
176 1774 289 1837 tabula
306 1775 418 1856 pueri;
445 1795 585 1837 numera
602 1775 758 1837 sestertia
775 1775 921 1856 quinque

81 1882 237 1946 omnibus
254 1883 287 1945 in
306 1883 415 1957 rebus,
435 1892 654 1946 numerentur
671 1883 791 1945 deinde
808 1882 947 1945 labores.

80 2011 123 2053 an
140 1990 239 2054 facile
256 2001 290 2053 et
307 2012 448 2073 pronum
468 2001 518 2053 est
536 2012 635 2073 agere
653 1991 741 2053 intra
757 1991 886 2054 viscera
902 2010 1021 2071 penem

80 2099 268 2180 legitimum
285 2108 385 2181 atque
403 2099 468 2162 illic
486 2100 664 2162 hesternae
682 2119 855 2163 occurrere
873 2099 998 2162 cenae?

82 2227 197 2270 servus
215 2208 278 2270 erit
296 2208 407 2270 minus
424 2207 480 2271 ille
497 2208 598 2270 miser
614 2208 670 2290 qui
685 2208 809 2270 foderit
827 2228 942 2289 agrum
1098 2227 1129 2280 45

81 2336 179 2396 quam
197 2315 366 2378 dominum
384 2336 390 2391 ;
417 2316 477 2378 sed
494 2326 531 2378 tu
549 2336 630 2378 sane
647 2326 800 2379 tenerum
818 2327 850 2379 et
869 2337 1006 2397 puerum
1027 2325 1060 2377 te

82 2432 115 2485 et
132 2422 307 2505 pulchrum
325 2432 359 2486 et
377 2423 515 2504 dignum
535 2425 655 2508 cyatho
674 2425 830 2507 caeloque
847 2425 998 2505 putabas.

81 2552 139 2594 vos
157 2532 274 2594 humili
290 2531 476 2606 adseculae,
495 2552 555 2594 vos
573 2533 793 2614 indulgebitis
811 2552 965 2614 umquam

82 2640 210 2714 cultori,
230 2639 294 2702 iam
312 2660 374 2703 nec
392 2641 509 2702 morbo
527 2641 651 2703 donare
668 2641 797 2722 parati?

81 2767 121 2809 en
140 2747 193 2811 cui
211 2757 248 2810 tu
266 2747 404 2810 viridem
423 2748 612 2823 umbellam,
632 2748 685 2811 cui
702 2749 819 2812 sucina
836 2749 949 2812 mittas
1099 2777 1130 2829 50

81 2855 227 2936 grandia,
247 2856 367 2919 natalis
384 2857 540 2938 quotiens
558 2857 644 2919 redit
662 2867 718 2919 aut
738 2857 904 2919 madidum
923 2877 982 2918 ver

81 2963 198 3045 incipit
216 2972 249 3025 et
268 2973 373 3026 strata
390 2964 519 3044 positus
537 2964 703 3047 longaque
721 2965 878 3028 cathedra
915 3023 918 3030 .

81 3092 219 3134 munera
234 3071 392 3135 femineis
409 3082 529 3136 tractat
548 3084 678 3137 secreta
694 3074 853 3136 kalendis.

81 3180 141 3256 dic,
161 3201 286 3262 passer,
305 3181 359 3245 cui
376 3191 428 3244 tot
446 3183 580 3257 montis,
599 3192 649 3245 tot
667 3183 801 3264 praedia
819 3202 931 3244 servas

82 3288 203 3371 Apula,
221 3299 273 3352 tot
290 3290 408 3353 milvos
427 3291 514 3354 intra
530 3301 590 3353 tua
606 3312 730 3373 pascua
743 3290 873 3353 lassos?

81 3408 114 3462 te
131 3400 316 3463 Trifolinus
334 3421 414 3483 ager
430 3401 584 3464 fecundis
602 3401 727 3462 vitibus
747 3399 863 3480 implet

81 3518 342 3591 suspectumque
360 3509 475 3589 iugum
494 3508 611 3572 Cumis
629 3519 662 3570 et
682 3508 812 3570 Gaurus
831 3506 939 3568 inanis
951 3545 996 3552 —-
1084 3548 1088 3553 -

80 3635 157 3678 nam
175 3616 249 3697 quis
267 3617 362 3696 plura
378 3616 453 3679 linit
471 3616 601 3680 victuro
619 3615 706 3679 dolia
723 3625 834 3677 musto
848 3616 859 3676 Ρ
871 3652 913 3659 -
