2422 4006
461 289 606 336 SATVRA
632 287 702 334 VIII

58 456 190 537 sipario,
209 456 391 519 clamosum
409 476 526 538 ageres
544 466 580 519 ut
599 456 742 518 Phasma
759 455 891 519 Catulli.

59 564 260 627 Laureolum
277 564 373 627 velox
390 565 489 627 etiam
508 565 594 627 bene
613 563 778 627 Lentulus
796 564 874 645 egit,

59 672 165 735 iudice
183 693 237 735 me
253 673 375 755 dignus
392 693 470 735 vera
487 693 593 736 cruce.
644 693 706 735 nec
723 682 835 734 tamen
854 672 915 752 ipsi

57 780 211 862 ignoscas
228 781 369 862 populo;
394 781 508 863 populi
524 781 618 844 frons
635 781 749 843 durior
766 780 864 842 huius

57 889 112 970 qui
130 891 226 952 sedet
243 899 277 951 et
295 899 425 970 spectat
443 889 612 952 triscurria
629 889 852 970 patriciorum,
1058 909 1103 958 190

57 998 251 1079 planipedes
268 997 359 1060 audit
379 998 511 1072 Fabios,
531 997 638 1060 ridere
656 1007 768 1079 potest
785 997 841 1078 qui

59 1107 301 1169 Mamercorum
320 1107 441 1188 alapas.
490 1107 606 1188 quanti
625 1127 684 1168 sua
699 1106 818 1168 funera
834 1106 979 1168 vendant

57 1214 134 1295 quid
151 1215 278 1276 refert?
326 1215 476 1277 vendunt
494 1214 585 1277 nullo
603 1223 745 1296 cogente
763 1214 908 1287 Nerone,

57 1342 119 1385 nec
136 1322 291 1385 dubitant
309 1323 391 1386 celsi
407 1323 570 1404 praetoris
586 1324 731 1385 vendere
750 1322 845 1384 ludis.

56 1431 147 1512 finge
163 1439 276 1493 tamen
293 1430 421 1512 gladios
440 1431 517 1493 inde
535 1442 635 1513 atque
653 1430 730 1494 hinc
748 1430 876 1511 pulpita
893 1429 981 1511 poni,
1057 1450 1101 1501 195

56 1538 136 1619 quid
153 1538 282 1600 satius?
331 1547 471 1601 mortem
491 1539 538 1602 sic
555 1539 730 1620 quisquam
750 1537 917 1600 exhorruit
936 1547 971 1599 ut
990 1537 1032 1599 sit

56 1645 230 1730 zelotypus
247 1647 437 1730 Thymeles,
457 1646 582 1728 stupidi
600 1645 728 1728 collega
746 1645 922 1709 Corinthi?

56 1773 109 1815 res
127 1754 215 1816 haud
232 1754 314 1817 mira
330 1764 443 1818 tamen
461 1755 652 1818 citharoedo
670 1755 820 1837 principe
837 1754 958 1816 mimus

56 1861 187 1925 nobilis„
201 1863 319 1951 ,haec
335 1863 422 1926 ultra
438 1863 516 1945 quid
533 1863 596 1924 erit
614 1863 678 1925 nisi
695 1862 817 1925 ludus?
866 1872 898 1924 et
918 1861 983 1924 illic

56 1970 201 2033 dedecus
218 1971 309 2033 urbis
326 1972 440 2046 habes,
460 1991 522 2034 nec
540 1970 760 2034 murmillonis
778 1971 811 2032 in
829 1970 930 2032 armis
1055 1991 1102 2024 200

56 2098 118 2141 nec
136 2077 243 2159 clipeo
261 2079 448 2142 Gracchum
468 2089 673 2161 pugnantem
691 2089 748 2142 aut
765 2079 852 2141 falce
870 2078 1005 2159 supina;

56 2186 192 2248 damnat
210 2187 298 2249 enim
315 2186 401 2250 tales
418 2188 560 2262 habituS,
581 2188 639 2250 sed
657 2188 791 2274 damnat
810 2196 843 2248 et
861 2186 940 2260 odit,

56 2313 118 2357 nec
135 2294 230 2376 galea
245 2295 364 2358 faciem
383 2296 578 2359 abscondit:
597 2305 708 2357 movet
726 2314 803 2357 ecce
820 2294 1000 2356 tridentem
1015 2314 1021 2368 ;

56 2411 232 2484 postquam
249 2403 378 2465 vibrata
394 2404 577 2484 pendentia
594 2403 678 2466 retia
695 2404 811 2465 dextra

56 2509 257 2591 nequiquam
275 2511 404 2585 effudit,
424 2513 549 2574 nudum
566 2512 607 2574 ad
626 2510 815 2592 spectacula
832 2510 960 2572 vultum
1055 2529 1101 2580 205

56 2618 155 2700 erigit
173 2626 206 2681 et
222 2628 295 2681 tota
310 2619 398 2700 fugit
415 2621 651 2700 agnoscendus
670 2620 802 2681 harena.

55 2727 239 2802 credamus,
259 2726 393 2790 tunicae
410 2728 451 2790 de
468 2728 619 2791 faucibus
637 2748 736 2789 aurea
752 2747 826 2788 cum
845 2746 881 2788 se

55 2834 204 2916 porrigat
221 2844 255 2897 et
273 2834 373 2916 longo
390 2835 532 2898 iactetur
549 2836 638 2916 spira
654 2835 774 2916 galero

55 2963 137 3025 ergo
154 2942 369 3024 ignominiam
387 2944 572 3024 graviorem
590 2943 727 3024 pertulit
745 2942 835 3004 omni

55 3051 193 3113 vulnere
210 3072 286 3115 cum
304 3051 456 3114 Graccho
474 3051 584 3113 iussus
602 3071 751 3132 pugnare
769 3059 910 3114 secutor.
1056 3069 1103 3104 210

103 3159 226 3222 Libera
243 3160 272 3222 si
289 3160 411 3222 dentur
427 3160 549 3241 populo
567 3159 738 3240 suffragia,
758 3159 832 3240 quis
850 3168 917 3220 tam

54 3267 207 3348 perditus
225 3277 261 3330 ut
279 3268 410 3330 dubitet
429 3267 593 3331 Senecam
611 3268 779 3349 praeferre
798 3266 947 3328 Neroni?

54 3375 150 3439 cuius
168 3377 331 3458 supplicio
349 3397 415 3438 non
433 3376 547 3440 debuit
566 3397 632 3439 una
649 3376 757 3458 parari

54 3483 152 3547 simia
168 3505 232 3547 nec
249 3505 387 3566 serpens
406 3505 492 3547 unus
509 3505 571 3548 nec
589 3483 716 3547 culleus
735 3503 830 3546 unus.

53 3612 114 3674 par
131 3592 444 3674 Agamemnonidae
462 3592 597 3666 crimen,
618 3593 675 3654 sed
694 3611 795 3653 causa
810 3589 893 3652 facit
911 3609 980 3650 rem
1055 3607 1102 3659 215
