2422 4006
491 301 639 349 SATVRA
664 301 715 348 XV

84 490 155 531 nam
172 490 279 551 genus
294 469 359 530 hoc
376 465 450 530 vivo
466 468 529 530 iam
547 469 757 532 decrescebat
778 470 933 545 Homero,

83 586 167 640 terra
183 575 285 638 malos
303 574 452 638 homines
469 595 558 639 nunc
575 577 691 639 educat
709 587 809 657 atque
824 577 977 658 pusillos;
1093 608 1126 655 70

84 704 159 766 ergo
175 685 257 746 deus
273 682 470 766 quicumque
486 683 621 765 aspexit,
640 685 723 746 ridet
742 695 774 747 et
792 686 868 748 odit.

82 813 99 854 a
114 791 315 856 deverticulo
332 802 499 872 repetatur
515 791 634 855 fabula.
684 803 857 874 postquam

82 899 235 963 subsidiis
251 898 347 975 aucti,
366 921 441 980 pars
458 900 560 962 altera
576 921 727 981 promere
743 901 866 964 ferrum

80 1009 179 1072 audet
196 1017 230 1070 et
246 1007 376 1072 infestis
392 1029 536 1089 pugnam
555 1007 736 1073 instaurare
753 1008 890 1091 sagittis.

78 1127 174 1198 terga
191 1115 290 1198 fugae
307 1115 403 1179 celeri
419 1126 587 1196 praestant
605 1116 804 1180 instantibus
822 1116 940 1181 Ombis
1094 1146 1107 1192 7
1113 1147 1126 1198 5

79 1224 137 1307 qui
152 1223 259 1287 vicina
276 1224 387 1287 colunt
406 1225 579 1288 umbrosae
596 1226 744 1310 Tentyra
759 1226 895 1308 palmae.

79 1332 200 1396 labitur
217 1332 270 1396 hic
286 1331 418 1415 quidam
435 1332 535 1396 nimia
550 1333 725 1397 formidine
742 1355 873 1397 cursum

79 1439 299 1523 praecipitans
316 1441 513 1522 capiturque.
563 1453 614 1505 ast
632 1442 722 1505 illum
740 1443 772 1504 in
789 1442 929 1524 plurima
945 1453 1072 1506 sectum

80 1549 188 1611 frusta
205 1559 236 1613 et
254 1548 437 1629 particulas,
456 1559 492 1610 ut
510 1551 621 1613 multis
638 1561 787 1613 mortuus
804 1571 888 1613 unus

80 1656 256 1731 sufficeret,
274 1667 381 1719 totum
399 1656 538 1720 corrosis
556 1658 684 1720 ossibus
701 1660 768 1722 edit

81 1763 198 1827 victrix
213 1765 318 1839 turba,
337 1785 399 1828 nec
415 1765 543 1828 ardenti
559 1765 687 1828 decoxit
704 1787 786 1830 aeno

81 1883 137 1935 aut
155 1873 286 1935 veribus
300 1893 307 1948 ;
332 1871 467 1954 longum
485 1894 589 1954 usque
604 1875 687 1937 adeo
702 1876 898 1956 tardumque
914 1875 1040 1956 putavit

81 1991 274 2061 exspectare
290 1980 390 2056 focos,
409 1992 566 2044 contenta
583 1983 739 2046 cadavere
757 1984 864 2046 crudo,

81 2089 136 2151 hic
151 2089 294 2170 gaudere
311 2089 388 2151 libet
406 2091 495 2170 quod
510 2111 576 2152 non
593 2089 758 2153 violaverit
777 2090 886 2174 ignem

82 2218 179 2279 quem
198 2217 327 2260 summa
342 2196 423 2260 caeli
439 2208 570 2278 raptum
589 2199 630 2262 de
645 2209 738 2279 parte
756 2201 970 2263 Prometheus
1094 2215 1126 2280 85

83 2306 213 2369 donavit
231 2304 347 2380 terris;
372 2305 534 2369 elemento
550 2305 704 2388 gratulor,
724 2317 755 2370 et
774 2318 808 2370 te

82 2414 247 2477 exsultare
263 2433 345 2477 reor,
395 2415 452 2476 sed
469 2415 525 2495 qui
541 2418 691 2478 mordere
708 2416 845 2478 cadaver

83 2521 247 2595 sustinuit,
266 2521 311 2583 nil
328 2543 481 2605 umquam
499 2523 561 2585 hac
578 2542 675 2586 carne
691 2522 845 2587 libentius
862 2526 945 2600 edit;

83 2651 159 2694 nam
176 2631 300 2724 scelere
316 2632 349 2693 in
367 2642 459 2695 tanto
476 2654 518 2695 ne
535 2654 672 2714 quaeras
690 2643 722 2697 et
735 2632 866 2695 dubites
882 2655 923 2696 an

82 2741 185 2820 prima
202 2739 405 2820 voluptatem
422 2741 499 2823 gula
517 2743 671 2816 senserit;
697 2742 830 2804 ultimus
847 2752 957 2804 autem

82 2848 138 2928 qui
154 2847 256 2921 stetit,
277 2850 451 2931 absumpto
469 2850 532 2913 iam
549 2860 620 2912 toto
638 2870 780 2931 corpore,
799 2849 907 2913 ductis

82 2977 140 3036 per
155 2967 277 3020 terram
294 2959 405 3042 digitis
423 2959 543 3042 aliquid
560 2959 601 3023 de
618 2959 778 3041 sanguine
793 2969 915 3040 gustat.

82 3065 261 3140 Vascones,
281 3068 363 3132 haec
379 3069 467 3132 fama
479 3079 540 3142 est,
559 3067 722 3130 alimentis
739 3066 859 3130 talibus
876 3065 953 3128 olim

82 3174 265 3252 produxere
281 3178 425 3253 animas;
451 3178 509 3240 sed
527 3197 579 3239 res
597 3175 734 3250 diversa,
754 3176 811 3238 sed
828 3174 892 3238 illic

83 3284 236 3349 fortunae
252 3287 371 3350 invidia
388 3297 437 3350 est
456 3287 681 3368 bellorumque
698 3284 819 3359 ultima,
839 3304 935 3346 casus

83 3394 228 3468 extremi,
248 3393 366 3477 longae
382 3394 452 3457 dira
468 3394 645 3458 obsidionis
663 3403 801 3475 egestas

83 3501 180 3564 huius
197 3502 294 3577 enirn,
313 3504 400 3584 quod
417 3523 505 3565 nunc
522 3503 637 3584 agitur,
657 3493 841 3565 miserabile
858 3500 955 3563 debet

83 3610 267 3691 exemplum
285 3632 359 3675 esse
376 3610 446 3686 cibi,
467 3610 550 3674 sicut
569 3612 667 3675 modo
683 3609 771 3672 dicta
786 3609 866 3671 mihi
881 3626 964 3691 gens
