2422 4006
463 343 466 347 ,
517 291 663 339 SATVRA
689 292 712 339 X

96 457 208 519 adfixit
227 478 319 520 ceras
337 457 392 520 illa
408 460 449 521 de
468 479 553 521 nave
570 459 692 540 petitas

95 584 179 646 quae
198 564 330 629 Siculos
347 575 467 629 cantus
485 566 605 649 effugit
622 567 748 649 remige
765 567 887 630 surdo!
1096 585 1143 637 150

437 859 567 916 LIBER
597 858 800 930 QVARTVS

508 1039 669 1091 SATVRA
693 1040 720 1090 X

94 1213 264 1277 Omnibus
282 1214 316 1276 in
333 1214 432 1278 terris
450 1235 536 1298 quae
554 1225 632 1278 sunt
651 1236 670 1277 a
687 1214 837 1278 Gadibus
855 1235 961 1297 usque

93 1321 262 1384 Auroram
279 1333 312 1385 et
333 1322 475 1405 Gangen
493 1323 590 1404 pauci
607 1323 783 1386 dinoscere
799 1333 940 1404 possunt

92 1449 171 1492 vera
188 1430 277 1493 bona
292 1440 393 1512 atque
410 1430 475 1493 illis
492 1430 634 1493 multum
651 1431 791 1506 diversa,
811 1441 938 1495 remota

93 1537 215 1601 erroris
232 1538 364 1602 nebula.
413 1539 492 1621 quid
510 1539 599 1601 enim
617 1539 746 1603 ratione
762 1540 921 1603 timemus

92 1655 149 1709 aut
167 1645 347 1728 cupimus?
396 1647 474 1729 quid
492 1657 560 1710 tam
580 1649 696 1711 dextro
713 1648 799 1730 pede
816 1649 964 1730 concipis
982 1658 1018 1711 ut
1036 1658 1070 1711 te
1125 1668 1138 1720 5

92 1764 234 1818 conatus
252 1775 319 1818 non
336 1755 506 1836 paeniteat
523 1757 660 1838 votique
676 1757 825 1838 peracti?

79 1858 245 1926 ‘evertere
261 1864 378 1926 domos
396 1872 486 1926 totas
502 1864 699 1944 optantibus
716 1864 796 1946 ipsis

91 1971 126 2033 di
141 1970 266 2035 faciles.
316 1971 467 2034 nocitura
483 1980 572 2053 toga,
592 1972 744 2035 nocitura
760 1982 921 2055 petuntur

92 2079 219 2142 militia.
269 2089 401 2143 torrens
418 2080 551 2142 dicendi
569 2081 664 2161 copia
680 2081 795 2144 multis

92 2196 126 2249 et
144 2208 204 2250 sua
220 2187 393 2250 mortifera
409 2197 461 2250 est
477 2188 653 2265 facundia;
677 2189 802 2251 viribus
820 2189 875 2252 ille

92 2296 239 2359 confisus
256 2292 355 2376 periit
373 2295 643 2378 admirandisque
659 2296 803 2360 lacertis,

93 2404 151 2465 sed
168 2402 282 2484 plures
298 2403 401 2466 nimia
417 2414 580 2486 congesta
595 2404 738 2485 pecunia
755 2425 833 2467 cura

92 2510 278 2593 strangulat
296 2520 330 2573 et
347 2521 469 2575 cuncta
485 2532 690 2593 exsuperans
708 2513 907 2594 patrimonia
922 2534 1044 2577 census

91 2627 216 2700 quanto
233 2618 400 2700 delphinis
418 2619 570 2682 ballaena
587 2619 780 2683 Britannica
796 2621 906 2685 maior.

90 2727 298 2808 temporibus
316 2727 397 2790 diris
415 2726 518 2809 igitur
534 2727 695 2810 iussuque
715 2729 859 2791 Neronis
1107 2749 1135 2801 ¹5

92 2834 283 2916 Longinum
302 2843 335 2897 et
353 2855 492 2916 magnos
512 2836 662 2899 Senecae
673 2836 873 2918 praedivitis
891 2838 1005 2900 hortos

90 2941 209 3005 clausit
227 2951 260 3005 et
278 2943 431 3025 egregias
451 2944 694 3006 Lateranorum
712 2944 844 3007 obsidet
861 2946 960 3007 aedes

74 3059 162 3129 tota
178 3051 317 3113 cohors:
343 3071 436 3114 rarus
453 3052 545 3114 venit
564 3052 596 3113 in
616 3052 774 3116 cenacula
791 3052 894 3116 miles

89 3178 197 3239 pauca
211 3157 290 3221 licet
307 3168 422 3241 portes
439 3161 571 3242 argenti
588 3160 723 3223 vascula
740 3161 814 3242 puri

88 3274 190 3330 'nocte
208 3267 272 3329 iter
288 3267 471 3349 ingressuS,
490 3268 637 3349 gladium
655 3278 859 3350 contumque
875 3269 1009 3333 timebis
1105 3291 1135 3326 20

89 3383 123 3438 et
141 3385 252 3438 motae
268 3377 310 3438 ad
327 3375 439 3438 lunam
457 3377 640 3459 trepidabis
657 3377 854 3440 harundinis
872 3379 1043 3440 umbram:

89 3483 240 3547 cantabit
256 3471 380 3547 vacuus
398 3505 509 3548 coram
527 3484 656 3560 latrone
673 3485 790 3549 viator.

88 3590 195 3674 prima
210 3591 282 3655 fere
298 3601 376 3655 vota
393 3601 426 3654 et
445 3592 575 3656 cunctis
593 3593 769 3656 notissima
786 3593 921 3674 templis
