2422 4006
80 282 112 331 30
503 285 705 332 IVVENALIS

81 451 187 532 iurgia
204 451 396 533 proludunt,
416 453 474 514 sed
492 472 568 514 mox
586 462 620 513 et
638 451 757 533 pocula
774 462 910 534 torques

80 559 212 622 saucius
230 568 263 621 et
281 560 381 622 rubra
397 560 555 642 deterges
571 558 710 622 vulnera
727 580 855 642 mappa,

81 667 244 730 intervos
261 667 417 749 quotiens
434 667 699 750 libertorumque
717 668 887 731 cohortem

80 796 193 857 pugna
211 774 399 857 Saguntina
415 775 523 839 fervet
541 776 719 839 commissa
735 775 863 858 lagona.

58 878 62 887 ⁴
81 883 152 965 ipse
169 883 324 965 capillato
341 883 502 946 diffusum
520 883 657 947 consule
675 893 768 965 potat

81 991 306 1074 calcatamque
324 1001 418 1054 tenet
437 991 532 1055 bellis
550 991 729 1056 socialibus
748 1013 855 1069 uvam,

81 1100 232 1163 cardiaco
249 1109 430 1182 numquam
448 1101 606 1185 cyathum
625 1100 787 1164 missurus
804 1101 930 1176 amico;

81 1229 153 1271 cras
171 1209 263 1271 bibet
281 1208 424 1272 Albanis
442 1208 567 1291 aliquid
585 1209 627 1271 de
643 1209 817 1272 montibus
834 1219 891 1271 aut
908 1211 950 1271 de

82 1315 218 1391 Setinis,
240 1317 333 1380 cuius
350 1317 490 1399 patriam
511 1317 713 1399 titulumque
731 1326 889 1380 senectus

80 1424 203 1486 delevit
221 1425 325 1489 multa
341 1426 466 1488 veteris
483 1425 625 1507 fuligine
642 1434 760 1499 testae,
809 1456 811 1460 ⁴

81 1533 176 1615 quale
194 1533 344 1596 coronati
360 1535 510 1597 Thrasea
529 1533 772 1616 Helvidiusque
789 1533 949 1596 bibebant

82 1641 260 1704 Brutorum
279 1651 312 1704 et
331 1641 426 1705 Cassi
446 1642 622 1705 natalibus.
674 1642 745 1723 ipse
763 1661 901 1722 capaces

83 1748 263 1812 Heliadum
281 1759 412 1813 crustas
429 1760 462 1812 et
481 1750 672 1832 inaequales
690 1749 817 1812 berullo

81 1856 179 1919 Virro
196 1866 289 1919 tenet
307 1858 454 1939 phialas:
479 1857 540 1920 tibi
558 1878 624 1920 non
643 1857 864 1920 committitur
881 1878 1007 1932 aurum,

80 1964 133 2026 vel
150 1965 178 2026 si
195 1967 328 2047 quando
345 1966 452 2040 datur,
472 1975 587 2028 custos
604 1967 732 2028 adfixus
751 1966 883 2040 ibidem,

81 2072 137 2154 qui
156 2083 309 2136 numeret
326 2093 486 2155 gemmas,
505 2094 635 2156 ungues
653 2074 808 2136 observet
825 2084 951 2137 acutos.
991 2148 993 2152 μ

81 2182 122 2243 da
138 2181 280 2255 veniam,
300 2181 466 2262 praeclara
485 2181 531 2244 illi
548 2181 702 2244 laudatur
719 2182 840 2263 iaspis;

81 2310 157 2352 nam
175 2290 284 2364 Virr0,
303 2299 339 2351 ut
357 2290 463 2365 multi,
483 2311 633 2372 gemmas
650 2290 690 2352 ad
709 2289 827 2371 pocula
843 2290 1005 2352 transfert

80 2397 239 2479 adigitis,
259 2419 341 2479 quas
360 2399 393 2460 in
411 2398 550 2480 vaginae
568 2399 681 2460 fronte
699 2397 826 2461 solebat

80 2527 204 2588 ponere
221 2506 373 2590 zelotypo
391 2507 520 2568 iuvenis
537 2506 705 2588 praelatus
724 2508 848 2570 Iarbae.

80 2624 117 2676 tu
136 2615 367 2678 Beneventani
386 2597 510 2678 sutoris
528 2636 648 2677 nomen
668 2616 849 2678 habentem

80 2723 221 2786 siccabis
236 2722 372 2786 calicem
390 2744 545 2786 nasorum
563 2732 722 2805 quattuor
738 2743 776 2787 ac
794 2722 857 2785 iam

80 2842 273 2912 quassatum
291 2842 325 2894 et
343 2841 441 2913 rupto
458 2840 656 2913 poscentem
675 2831 811 2912 sulpura
827 2831 920 2894 vitro

80 2940 108 3002 si
125 2940 318 3002 stomachus
335 2940 460 3002 domini
476 2941 584 3002 fervet
601 2941 746 3022 vinoque
762 2940 912 3020 ciboque,

79 3047 231 3129 frigidior
249 3047 376 3110 Geticis
394 3049 519 3128 petitur
535 3049 675 3111 decocta
692 3048 830 3130 pruinis.

80 3176 147 3218 non
165 3157 279 3219 eadem
298 3157 392 3219 vobis
410 3157 489 3238 poni
507 3157 605 3219 modo
622 3156 700 3218 vina
716 3156 902 3239 querebar?

79 3284 139 3326 vos
156 3263 252 3327 aliam
271 3265 394 3346 potatis
412 3286 541 3346 aquam.
591 3264 653 3327 tibi
669 3264 788 3346 pocula
804 3284 920 3327 cursor
949 3266 962 3284 ¹

81 3371 244 3435 Gaetulus
261 3373 352 3435 dabit
369 3382 425 3435 aut
444 3373 532 3455 nigri
549 3393 668 3436 manus
686 3393 783 3435 ossea
801 3373 910 3435 Mauri

80 3492 113 3542 et
132 3481 185 3544 cui
203 3501 262 3562 per
278 3481 420 3544 mediam
438 3481 524 3544 nolis
542 3501 717 3545 occurrere
734 3490 877 3555 noctem,

80 3588 223 3652 clivosae
240 3589 371 3652 veheris
388 3591 467 3652 dum
485 3609 544 3671 per
558 3600 776 3651 monumenta
795 3588 955 3652 Latinae:
