2422 4006
95 282 142 331 122
514 283 717 331 IVVENALIS

94 462 195 534 atque
212 450 293 514 alias
310 461 454 515 tractare
471 471 574 526 rosas,
593 451 801 514 medicamen
819 451 1013 515 habendum
1031 461 1098 528 est,

95 560 230 622 sorbere
247 569 326 622 ante
344 559 454 623 cibum
472 560 562 641 quod
579 559 699 622 debeat
717 568 751 622 et
768 568 913 641 pateret
933 559 1011 623 rex!
1099 591 1113 624 2
1117 589 1130 641 5
1134 589 1148 640 5

141 669 297 731 Monstro
313 667 519 748 voluptatem
538 667 716 750 egregiam,
736 667 790 730 cui
806 667 898 731 nulla
914 669 1057 744 theatra,

95 777 186 839 nulla
202 796 344 858 aequare
359 797 462 858 queas
478 776 641 857 praetoris
659 775 786 858 pulpita
802 776 893 851 lauti,

95 885 123 947 si
140 895 273 966 spectes
291 893 417 967 quanto
434 884 553 966 capitis
570 884 762 948 discrimine
779 894 937 948 constent

96 993 303 1056 incrementa
320 994 447 1069 domus,
467 1002 580 1057 aerata
596 993 723 1057 multus
741 994 774 1055 in
792 1014 869 1056 arca

95 1103 197 1166 fiscus
214 1112 248 1165 ct
264 1103 306 1165 ad
323 1102 458 1185 vigilem
474 1102 621 1183 ponendi
635 1101 776 1166 Castora
793 1102 922 1164 nummi
1098 1119 1150 1169 260

96 1230 137 1273 ex
153 1231 219 1292 quo
238 1210 329 1273 Mars
346 1209 445 1273 Vltor
461 1209 591 1292 galeam
608 1231 742 1292 quoque
757 1210 904 1292 perdidit
920 1219 954 1273 et
972 1230 1027 1273 res

95 1339 163 1381 non
179 1319 288 1399 potuit
306 1339 438 1382 servare
456 1339 542 1383 suas.
593 1339 674 1400 ergo
691 1319 803 1382 omnia
821 1319 941 1383 Florae

96 1438 129 1491 et
148 1426 280 1490 Cereris
297 1427 375 1490 licet
392 1437 425 1491 et
444 1427 589 1512 Cybeles
606 1427 723 1491 aulaea
739 1427 928 1509 relinquas;

96 1544 190 1598 tanto
208 1535 350 1598 maiores
366 1536 513 1598 humana
530 1535 666 1618 negotia
682 1535 762 1611 ludi.
1007 1621 1008 1624 Ἴ

96 1665 138 1707 an
155 1643 261 1727 magis
279 1644 449 1707 oblectant
466 1644 614 1707 animum
633 1644 754 1707 iactata
770 1655 908 1725 petauro
1098 1662 1147 1728 265

96 1772 234 1834 corpora
250 1753 373 1834 quique
390 1753 476 1816 solet
494 1763 622 1815 rectum
640 1753 845 1815 descendere
860 1752 985 1827 funem,

96 1882 194 1943 quam
212 1871 259 1935 tu,
279 1860 421 1946 Corycia
438 1881 570 1941 semper
586 1862 643 1944 qui
659 1880 771 1942 puppe
788 1862 927 1924 moraris

96 1978 197 2051 atque
214 1969 346 2033 habitas
364 1968 451 2033 Coro
468 1990 601 2051 semper
616 1970 785 2032 tollendus
802 1979 835 2032 et
854 1969 992 2045 Austro,

96 2077 247 2159 perditus
264 2098 302 2140 ac
318 2077 393 2140 vilis
411 2079 499 2141 sacci
516 2088 683 2140 mercator
698 2077 831 2152 olentis,

97 2185 153 2268 qui
169 2186 295 2267 gaudes
312 2186 437 2268 pingue
453 2188 610 2268 antiquae
626 2188 668 2249 de
684 2187 782 2249 litore
800 2185 920 2250 Cretae
1097 2217 1144 2264 270

96 2314 232 2376 passum
249 2303 282 2357 et
301 2295 488 2376 municipes
507 2295 594 2357 Iovis
612 2295 787 2357 advexisse
803 2294 965 2376 lagonas?

97 2402 151 2465 hic
168 2411 281 2465 tamen
298 2403 435 2484 ancipiti
452 2404 560 2485 figens
577 2403 721 2485 vestigia
738 2402 853 2484 planta

96 2511 220 2573 victum
238 2511 294 2573 illa
308 2512 464 2574 mercede
480 2520 584 2591 parat,
604 2512 821 2592 brumamque
837 2509 1028 2593 famemque

97 2619 153 2681 illa
169 2629 258 2681 reste
275 2628 391 2683 cavet:
415 2628 453 2682 tu
470 2629 607 2701 propter
624 2619 714 2681 mille
731 2618 859 2681 talenta
989 2699 994 2706 ἣ

97 2737 131 2790 et
150 2738 284 2791 centum
303 2727 398 2791 villas
414 2728 622 2791 temerarius.
672 2727 785 2809 aspice
801 2735 917 2809 portus
1096 2756 1144 2809 ²75

98 2845 132 2898 et
145 2836 280 2917 plenum
295 2836 425 2917 magnis
439 2835 592 2900 trabibus
606 2855 716 2898 mare:
736 2835 811 2917 plus
825 2835 997 2897 hominum
1013 2845 1064 2898 est
1079 2836 1143 2899 iam

98 2944 132 3007 in
150 2944 278 3026 pelago,
328 2944 439 3007 veniet
458 2944 576 3007 classis
594 2964 807 3025 quocumque
823 2943 949 3006 vocarit

99 3073 176 3134 spes
192 3052 286 3128 lucri,
305 3073 367 3115 nec
386 3052 603 3134 Carpathium
622 3051 831 3134 Gaetulaque
848 3060 979 3114 tantum
1001 3070 1005 3078 ·

98 3181 242 3243 aequora
258 3161 432 3236 transiliet,
452 3161 511 3224 sed
528 3159 629 3242 longe
647 3159 752 3242 Calpe
769 3160 885 3223 relicta
975 3234 977 3238 Α

98 3270 211 3334 audiet
230 3268 400 3332 Herculeo
417 3270 615 3333 stridentem
633 3269 767 3351 gurgite
784 3268 898 3332 solem.
1097 3280 1144 3330 280

98 3379 225 3461 grande
242 3398 362 3460 operae
378 3378 523 3459 pretium
541 3386 603 3452 est,
621 3388 658 3439 ut
675 3387 772 3440 tenso
789 3376 870 3439 folle
887 3376 1009 3439 reverti

99 3488 177 3552 inde
194 3488 329 3550 domum
346 3487 456 3567 possis
473 3486 666 3568 tumidaque
684 3485 848 3567 superbus
866 3485 964 3560 aluta,

100 3595 229 3659 Oceani
247 3603 397 3657 monstra
415 3605 447 3657 et
466 3595 603 3657 iuvenes
621 3594 745 3656 vidisse
762 3594 916 3656 marinos.
