2422 4006
507 277 654 324 SATVRA
679 277 702 323 V

79 446 142 508 sed
160 444 259 526 periit
277 453 453 526 postquam
471 444 671 507 cerdonibus
689 464 764 507 esse
780 445 949 508 timendus

79 561 249 634 coeperat.
299 553 362 616 hoc
379 553 495 616 nocuit
514 552 705 615 Lamiarum
722 553 824 616 caede
841 553 998 616 madenti.

495 815 655 879 SATVRA
681 828 708 878 v

82 985 122 1049 Si
137 995 172 1048 te
189 985 352 1067 propositi
369 987 517 1048 nondum
534 986 637 1068 pudet
655 995 756 1069 atque
773 986 888 1048 eadem
906 994 958 1048 est
975 1005 1081 1061 mens,

81 1102 122 1156 ut
139 1093 228 1156 bona
244 1114 374 1156 summa
391 1103 490 1175 putes
507 1093 616 1157 aliena
631 1094 743 1158 vivere
760 1094 893 1176 quadra,

81 1201 114 1264 si
130 1210 226 1283 potes
244 1201 300 1265 illa
315 1202 386 1284 pati
403 1222 487 1284 quae
504 1221 566 1265 nec
585 1201 781 1266 Sarmentus
799 1201 929 1284 iniquas
1037 1256 1041 1266 .

83 1309 238 1373 Caesaris
255 1311 296 1373 ad
313 1331 446 1374 mensas
464 1331 526 1373 nec
543 1310 618 1373 vilis
635 1310 753 1373 Gabba
769 1309 913 1384 tulisset,

82 1418 236 1502 quamvis
254 1418 361 1482 iurato
379 1429 526 1482 metuam
543 1419 606 1481 tibi
624 1419 758 1482 credere
775 1418 865 1481 testi.
1116 1441 1129 1493 5

82 1536 202 1591 ventre
220 1527 302 1590 nihil
320 1527 397 1590 novi
413 1526 587 1610 frugalius.
638 1528 701 1590 hoc
718 1536 831 1590 tamen
845 1527 954 1608 ipsum

83 1635 250 1699 defecisse
266 1645 349 1718 puta
365 1636 453 1718 quod
470 1636 560 1698 inani
577 1635 700 1698 sufficit
717 1635 809 1698 alvo:

84 1743 177 1807 nulla
194 1744 327 1826 crepido
344 1745 464 1808 vacat?
497 1764 661 1827 nusquam
679 1764 763 1826 pons
781 1754 815 1806 et
833 1744 956 1826 tegetis
973 1764 1049 1825 pars

84 1847 223 1915 dimidia
240 1852 395 1915 brevior?
429 1852 559 1915 tantine
577 1852 694 1915 iniuria
710 1873 822 1928 cenae,

84 1968 154 2022 tam
172 1959 283 2023 ieiuna
298 1960 416 2036 fames,
436 1981 511 2024 cum
530 1961 636 2042 possit
654 1961 829 2025 honestius
847 1961 914 2025 illic
1101 1984 1131 2019 ιο

49 2072 52 2077 ’
86 2077 121 2131 et
137 2076 280 2132 tremere
298 2078 332 2132 et
350 2070 466 2132 sordes
481 2069 581 2132 farris
598 2070 752 2133 mordere
769 2069 901 2132 canini?

133 2177 244 2240 Primo
261 2177 328 2260 fige
343 2177 428 2253 loco,
447 2179 536 2260 quod
553 2188 590 2241 tu
607 2178 819 2242 discumbere
836 2178 947 2242 iussus

85 2287 274 2349 mercedem
292 2285 432 2350 solidam
449 2295 601 2349 veterum
620 2287 712 2369 capis
729 2286 922 2350 officiorum.

85 2393 217 2458 fructus
230 2394 396 2458 amicitiae
413 2415 554 2477 magnae
572 2395 686 2470 cibus;
712 2395 856 2476 imputat
873 2394 961 2457 hunc
978 2414 1045 2467 rex,

86 2509 120 2564 et
137 2503 287 2584 quamvis
304 2522 415 2566 rarum
432 2512 544 2566 tamen
563 2502 714 2585 imputat.
763 2523 842 2585 ergo
859 2503 942 2565 duos
960 2511 1035 2584 post
1101 2525 1129 2577 15

86 2609 115 2673 si
131 2609 228 2674 libuit
246 2631 378 2675 menses
395 2612 587 2694 neglectum
604 2613 761 2675 adhibere
778 2610 944 2686 clientem,

86 2718 187 2782 tertia
203 2739 245 2782 ne
262 2740 368 2783 vacuo
386 2729 535 2784 cessaret
553 2720 676 2784 culcita
692 2720 790 2794 lecto,

88 2839 172 2890 ‘una
189 2826 311 2890 simus’
331 2828 387 2891 ait.
436 2838 590 2892 votorum
609 2849 746 2892 summa.
795 2828 874 2910 quid
892 2827 978 2891 ultra

87 2934 242 3017 quaeris?
271 2936 373 2999 habet
390 2936 533 3000 Trebius
551 2946 687 3018 propter
700 2937 786 3019 quod
804 2956 958 3017 rumpere
976 2956 1129 2999 somnum

87 3043 207 3107 debeat
225 3053 258 3106 et
276 3043 395 3127 ligulas
412 3044 592 3120 dimittere,
613 3044 774 3107 sollicitus
791 3064 835 3106 ne
1099 3066 1130 3100 20

88 3160 158 3216 tota
174 3151 349 3216 salutatrix
366 3152 431 3216 iam
449 3153 547 3216 turba
564 3151 730 3234 peregerit
748 3153 872 3228 orbem,

89 3260 253 3325 sideribus
271 3261 381 3325 dubiis
398 3271 456 3325 aut
473 3261 529 3324 illo
546 3271 699 3343 tempore
716 3282 781 3343 quo
800 3281 835 3324 se

89 3367 209 3452 frigida
224 3369 455 3453 circumagunt
473 3370 560 3452 pigri
577 3390 708 3434 serraca
726 3370 860 3433 Bootae.

134 3476 250 3561 Qualis
270 3498 353 3541 cena
369 3479 507 3542 tamen?
556 3479 669 3541 vinum
687 3479 775 3560 quod
793 3477 908 3541 sucida
924 3477 1007 3539 nolit
1115 3458 1119 3463 ⁶

91 3580 162 3649 lana
178 3586 267 3668 pati:
291 3586 334 3649 de
351 3586 490 3649 conviva
509 3585 701 3670 Corybanta
718 3586 855 3648 videbis.
1098 3604 1129 3657 25
