2422 4006
82 285 115 334 62
506 285 710 333 IVVENALIS

43 478 45 480 ·
83 474 168 535 quae
185 464 298 516 tamen
316 454 393 516 inde
410 454 532 536 seges?
558 463 667 516 terrae
684 453 758 535 quis
775 453 906 517 fructus
923 456 1079 537 apertae?

83 562 158 643 quis
175 563 267 625 dabit
285 562 444 625 historico
461 571 622 645 quantum
640 563 734 625 daret
751 571 825 625 acta
842 562 995 645 legenti?
1042 616 1043 624 ,

132 670 220 733 ‘Sed
236 690 343 753 genus
357 671 524 752 ignavum,
540 671 628 753 quod
641 670 728 734 lecto
742 671 865 753 gaudet
879 680 913 734 et
931 671 1068 736 umbra!
1081 691 1119 742 105

83 779 135 841 dic
153 778 255 860 igitur
271 778 350 860 quid
367 778 543 842 causidicis
561 778 669 842 civilia
685 789 858 860 praestent

83 886 191 951 officia
207 897 241 950 et
259 908 380 970 magno
398 888 537 951 comites
555 888 588 949 in
606 887 697 951 fasce
713 887 825 952 libelli.

83 995 148 1077 ipsi
164 1017 287 1078 magna
303 1005 433 1072 sonant,
453 997 512 1058 sed
529 1006 599 1058 tum
618 1017 694 1060 cum
712 997 856 1059 creditor
871 998 965 1060 audit

82 1105 269 1192 praecipue,
290 1104 343 1167 vel
360 1105 388 1167 si
405 1104 518 1186 tetigit
535 1105 623 1167 latus
640 1105 745 1168 acrior
762 1105 818 1167 illo

82 1213 137 1294 qui
156 1213 246 1275 venit
264 1214 304 1275 ad
322 1213 459 1276 dubium
477 1213 595 1295 grandi
612 1233 687 1276 cum
705 1213 820 1277 codice
837 1234 971 1277 nomen.
1080 1235 1120 1269 110

81 1330 163 1403 tunc
181 1322 333 1384 inmensa
350 1322 422 1385 cavi
439 1321 567 1403 spirant
584 1321 757 1384 mendacia
773 1321 871 1385 folles

82 1430 346 1511 conspuiturque
363 1430 477 1493 sinus:
500 1450 612 1492 veram
629 1431 835 1511 deprendere
851 1451 998 1494 messem

82 1538 111 1600 si
127 1538 219 1612 libet,
239 1538 317 1601 hinc
335 1548 470 1602 centum
488 1538 687 1619 patrimonia
705 1539 958 1615 causidicorum,

81 1656 176 1727 parte
192 1647 256 1709 alia
273 1646 379 1709 solum
397 1647 519 1710 russati
536 1666 622 1728 pone
641 1648 814 1710 Lacertae.

82 1756 264 1818 consedere
280 1756 391 1830 duces,
412 1755 521 1837 surgis
539 1765 576 1818 tu
593 1755 734 1837 pallidus
753 1755 841 1818 Aiax
1080 1775 1120 1827 115

81 1863 230 1926 dicturus
247 1863 347 1926 dubia
363 1884 423 1944 pro
441 1863 596 1926 libertate
612 1864 758 1927 bubulco

81 1971 199 2035 iudice.
250 1992 366 2051 rumpe
382 1972 483 2034 miser
499 1982 634 2034 tensum
653 1972 743 2034 iecur
760 1982 796 2034 ut
814 1972 875 2034 tibi
891 1972 980 2036 lasso

81 2081 228 2161 figantur
243 2080 374 2156 virides,
395 2081 558 2144 scalarum
575 2081 688 2163 gloria,
708 2081 847 2161 palmae.

69 2189 170 2271 quod
186 2188 277 2251 vocis
295 2189 463 2270 pretium?
512 2189 621 2252 siccus
639 2189 878 2270 petasunculus
895 2198 929 2251 et
946 2210 1004 2252 vas

81 2297 292 2382 pelamydum
310 2306 368 2359 aut
385 2308 527 2373 veteres,
548 2299 741 2360 Maurorum
759 2298 932 2379 epimenia,
951 2297 1044 2361 bulbi
1081 2318 1122 2352 120

81 2415 138 2467 aut
155 2406 270 2468 vinum
288 2405 401 2468 Tiberi
418 2406 604 2482 devectum,
623 2406 770 2488 quinque
787 2406 936 2488 lagonae.

81 2515 109 2576 si
127 2524 244 2596 quater
261 2514 370 2595 egisti,
389 2514 418 2576 si
435 2515 575 2596 contigit
592 2535 712 2577 aureus
729 2535 825 2590 unus,

81 2623 158 2685 inde
176 2623 298 2687 cadunt
316 2631 427 2703 partes
445 2642 486 2684 ex
501 2622 637 2684 foedere
654 2623 942 2704 pragmaticorum.

81 2730 227 2793 Aemilio
245 2731 378 2793 dabitur
394 2741 556 2812 quantum
574 2731 662 2806 licet,
682 2741 715 2793 et
732 2731 851 2794 melius
869 2751 930 2794 nos

81 2840 221 2921 egimus.
271 2839 369 2901 huius
386 2839 476 2901 enim
494 2849 561 2901 stat
580 2860 696 2902 currus
714 2860 848 2914 aeneus,
867 2839 926 2901 alti
1082 2858 1123 2910 125

80 2947 294 3030 quadriiuges
312 2947 345 3008 in
363 2948 549 3022 vestibulis,
567 2957 668 3030 atque
685 2949 757 3029 ipse
774 2948 877 3011 feroci

81 3057 241 3119 bellatore
259 3057 380 3118 sedens
398 3065 572 3118 curvatum
589 3056 710 3119 hastile
727 3057 873 3119 minatur

81 3166 210 3227 eminus
228 3175 261 3227 et
280 3174 392 3227 statua
409 3166 589 3228 meditatur
606 3165 731 3247 proelia
747 3165 847 3228 lusca.

80 3273 128 3337 sic
147 3274 235 3336 Pedo
252 3274 441 3347 conturbat,
462 3274 581 3336 Matho
599 3274 721 3347 deficit,
742 3274 850 3336 exitus
868 3273 922 3336 hic
939 3283 990 3336 est

80 3381 236 3464 Tongilii,
257 3402 377 3463 magno
395 3403 471 3445 cum
489 3383 700 3446 rhinocerote
718 3381 819 3444 lavari
1082 3402 1126 3453 130

79 3491 136 3572 qui
154 3490 240 3553 solet
258 3500 291 3553 et
309 3500 407 3552 vexat
424 3490 592 3553 lutulenta
609 3490 728 3553 balnea
745 3491 843 3552 turba

79 3619 204 3682 perque
221 3599 331 3661 iorum
350 3598 487 3661 iuvenes
504 3599 605 3681 longo
623 3598 744 3679 premit
761 3618 873 3661 assere
892 3599 1031 3662 Maedos
