2422 4006
99 277 132 328 78
522 278 726 326 IVVENALIS

100 455 262 526 quantum
280 450 351 509 erat
368 446 522 509 exhausti
538 446 671 509 lumbos
688 446 812 508 donare
829 445 965 509 clientis

100 553 272 635 iugeribus
290 555 428 636 paucis?
477 553 641 617 meliusne
658 554 712 617 hic
729 552 875 617 rusticus
893 553 1005 621 infans
1117 561 1146 610 60

101 683 177 725 cum
193 673 300 726 matre
317 673 350 725 et
368 663 489 726 casulis
508 673 541 725 et
560 662 736 725 conlusore
754 661 874 725 catello

101 771 253 855 cymbala
269 771 434 852 pulsantis
451 771 599 853 legatum
617 771 675 833 fiet
692 770 815 833 amici?

104 880 305 961 “improbus
323 900 359 942 es
377 901 452 942 cum
471 879 582 960 poscis
594 878 612 901 ''
632 880 688 942 ait.
737 879 798 941 sed
815 879 933 960 pensio
951 879 1073 943 clamat

104 1001 123 1026 “
134 986 267 1069 posce,''
288 988 346 1050 sed
363 986 509 1069 appellat
526 1007 609 1069 puer
626 988 744 1050 unicus
764 997 799 1049 ut
818 987 1014 1071 Polyphemi
1063 1031 1066 1036 .

102 1095 169 1158 lata
186 1096 274 1159 acies
291 1116 350 1177 per
367 1117 465 1177 quam
485 1096 601 1159 sollers
619 1095 725 1158 evasit
745 1095 881 1171 Vlixes;
1117 1101 1146 1165 65

102 1204 187 1267 alter
203 1206 365 1267 emendus
383 1205 454 1279 erit,
474 1224 617 1286 namque
634 1204 688 1267 hic
706 1224 773 1267 non
791 1203 925 1279 sufficit,
944 1205 1043 1267 ambo

102 1313 270 1395 pascendi.
320 1312 399 1394 quid
416 1333 512 1394 agam
531 1314 648 1375 bruma
665 1312 839 1394 spirante?
887 1312 977 1393 quid,
996 1333 1064 1387 or0,

102 1422 181 1504 quid
199 1421 306 1485 (licam
325 1420 469 1502 scapulis
487 1441 664 1502 puerorum
682 1420 854 1502 Aquilone
872 1420 1056 1484 Decembri

103 1539 136 1592 et
154 1530 319 1611 pedibus?
347 1530 494 1592 “durate
511 1539 612 1611 atque
630 1538 823 1610 exspectate
841 1528 995 1591 cicadas?
1008 1528 1025 1551 ”

103 1659 216 1701 verum
234 1648 271 1701 ut
289 1638 488 1712 dissimules,
508 1648 545 1700 ut
563 1637 678 1700 mittas
697 1648 817 1712 cetera,
837 1647 963 1718 quanto
1117 1656 1146 1705 70

104 1746 232 1809 metiris
250 1747 367 1828 pretio,
387 1747 483 1828 quod,
503 1746 538 1807 ni
555 1746 616 1809 tibi
634 1745 767 1808 deditus
784 1765 893 1808 essem

103 1855 312 1937 devotusque
329 1855 444 1928 cliens,
463 1874 545 1917 uxor
562 1863 620 1917 tua
637 1854 731 1935 virgo
749 1854 923 1916 maneret?

104 1964 170 2027 scis
187 1975 278 2027 certe
295 1963 416 2045 quibus
434 1964 498 2024 ista
515 1962 631 2036 modis,
651 1983 749 2043 quam
768 1981 868 2043 saepe
884 1961 1012 2042 rogaris

105 2082 137 2134 et
156 2092 240 2153 quae
258 2070 435 2153 pollicitus.
486 2070 674 2152 fugientem
692 2089 792 2150 saepe
809 2068 955 2150 puellam

104 2181 257 2261 amplexu
275 2180 370 2260 rapui
380 2201 387 2255 ;
413 2180 543 2241 tabulas
561 2199 695 2260 quoque
711 2186 845 2259 ruperat
863 2185 897 2239 et
915 2177 980 2239 iam
1116 2195 1144 2247 75

104 2290 278 2370 signabat;
303 2297 375 2350 tota
392 2288 446 2350 vix
462 2288 526 2350 hoc
544 2307 606 2368 ego
624 2295 724 2349 nocte
741 2285 866 2348 redemi

104 2408 138 2459 te
155 2396 307 2478 plorante
324 2396 424 2472 foris3
452 2395 550 2458 testis
568 2394 650 2457 mihi
667 2393 811 2458 lectulus
830 2403 862 2457 et
880 2403 926 2469 tu,

104 2507 144 2568 ad
162 2527 261 2588 quem
280 2505 430 2586 pervenit
448 2503 529 2566 lecti
547 2523 649 2565 sonus
668 2512 701 2566 et
719 2502 873 2564 dominae
890 2522 963 2565 vox.

104 2615 261 2677 instabile
277 2635 316 2676 ac
333 2613 442 2675 dirimi
460 2621 616 2692 coeptum
634 2621 668 2673 et
686 2611 749 2673 iam
768 2631 874 2692 paene
892 2609 1039 2673 solutum

105 2723 297 2805 coniugium
315 2722 349 2784 in
366 2721 480 2783 multis
498 2721 653 2783 domibus
672 2720 816 2782 servavit
833 2720 971 2782 adulter.
1116 2723 1144 2772 80

104 2853 169 2914 quo
187 2841 221 2893 te
239 2829 467 2910 circumagas?
516 2849 601 2911 quae
617 2828 724 2910 prima
740 2837 796 2890 aut
814 2827 931 2890 ultima
948 2828 1077 2908 ponas?

106 2940 232 3003 nullum
251 2959 330 3020 ergo
347 2937 504 3000 meritum
522 2947 583 3012 est,
602 2937 732 3018 ingrate
750 2957 787 2998 ac
804 2936 940 3017 perfide,
959 2933 1097 3007 nullum,

105 3049 193 3130 quod
210 3048 272 3109 tibi
290 3043 411 3109 filiolus
428 3045 480 3108 vel
499 3046 565 3108 filia
583 3044 731 3106 nascitur
748 3064 788 3105 ex
806 3043 882 3105 me?

104 3157 195 3219 tollis
213 3156 303 3218 enim
321 3165 354 3217 et
372 3154 466 3218 libris
484 3163 633 3216 actorum
651 3172 809 3233 spargere
826 3152 952 3233 gaudes

105 3273 304 3347 argumenta
319 3264 391 3327 viri.
440 3263 568 3324 foribus
586 3261 755 3342 suspende
773 3281 934 3323 coronas:
1116 3263 1145 3327 85

105 3373 169 3436 iam
187 3382 283 3454 pater
300 3393 345 3446 es,
365 3372 518 3434 dedimus
536 3371 624 3452 quod
640 3370 751 3432 famae
768 3388 938 3451 opponere
954 3368 1073 3448 possis.

105 3483 176 3545 iura
193 3481 341 3563 parentis
359 3482 472 3554 habes
491 3490 628 3561 propter
645 3499 698 3542 me
716 3479 871 3542 scriberis
889 3479 997 3551 hereS,

105 3591 252 3673 legatum
271 3610 369 3652 omne
387 3588 477 3669 capis
495 3608 557 3650 nec
575 3597 642 3648 non
659 3596 693 3649 et
710 3587 807 3649 dulce
825 3586 997 3649 caducum.
