2422 4006
503 301 649 349 SATVRA
676 302 717 348 111
1103 304 1133 352 15

86 479 123 534 et
140 490 225 552 quos
242 470 418 552 praecipue
435 469 573 550 fugiam,
592 469 776 550 properabo
794 469 902 544 fateri,

87 598 152 641 nec
168 578 275 659 pudor
292 577 448 659 opstabit.
499 596 566 639 non
584 596 722 658 possum
739 578 838 652 ferre,
859 577 1018 660 Quirites,
1101 588 1133 636 60

88 686 252 750 Graecam
270 686 396 750 urbem.
445 685 595 767 quamvis
613 694 715 768 quota
731 685 840 767 portio
856 686 960 750 faecis
978 687 1131 750 Achaei?

87 795 153 857 iam
171 793 299 876 pridem
318 793 423 878 Syrus
440 794 473 856 in
491 794 639 857 Tiberim
657 795 794 857 defluxit
814 794 960 858 Orontes

87 912 122 966 et
140 903 289 985 linguam
307 911 340 965 et
358 923 467 965 mores
485 912 518 964 et
537 924 612 966 cum
630 903 770 967 tibicine
787 904 926 966 chordas

86 1011 239 1093 obliquas
256 1031 319 1074 nec
336 1031 403 1074 non
421 1011 561 1094 gentilia
577 1021 735 1096 tympana
752 1032 864 1076 secum

85 1119 177 1183 vexit
196 1130 229 1182 et
248 1121 288 1182 ad
306 1120 430 1183 circum
448 1120 555 1183 iussas
572 1130 722 1202 prostare
739 1120 876 1202 puellas.
1099 1129 1131 1194 65

86 1229 142 1303 ite,
162 1228 283 1310 quibus
300 1237 396 1310 grata
413 1237 464 1291 est
482 1217 572 1310 picta
587 1228 665 1310 lupa
682 1228 822 1290 barbara
839 1229 955 1291 mitra!

86 1337 234 1400 rusticus
251 1335 306 1399 ille
323 1345 401 1398 tuus
419 1337 518 1399 sumit
532 1336 759 1418 trechedipna,
780 1336 931 1418 Quirine,

87 1453 122 1507 et
140 1445 340 1508 ceromatico
357 1444 422 1506 fert
441 1444 603 1507 niceteria
620 1443 713 1507 collo.
950 1444 951 1447 ’

86 1553 141 1616 hic
158 1552 225 1615 alta
244 1552 395 1636 Sicyone,
415 1561 467 1614 ast
484 1553 537 1616 hic
554 1551 735 1636 Amydone
753 1552 876 1627 relicta,

86 1660 142 1724 hic
159 1661 287 1735 Andro,
306 1660 362 1723 ille
380 1659 491 1734 Samo,
510 1660 564 1723 hic
581 1659 749 1723 Trallibus
766 1670 824 1723 aut
841 1660 1026 1723 Alabandis
1098 1683 1130 1730 70

88 1768 258 1851 Esquilias
270 1768 463 1851 dictumque
480 1778 599 1851 petunt
617 1789 636 1831 a
653 1768 776 1831 vimine
794 1768 922 1843 collem,

85 1877 215 1940 viscera
227 1897 423 1960 magnarum
441 1878 599 1940 domuum
617 1877 809 1959 dominique
826 1878 939 1941 futuri.

20 2005 24 2008 ’
85 1985 259 2067 ingenium
275 1984 380 2060 velox,
399 1986 535 2049 audacia
551 1986 690 2068 perdita,
710 2006 818 2049 sermo

86 2103 261 2176 promptus
279 2103 312 2157 et
331 2095 426 2157 Isaeo
443 2094 632 2182 torrentior.
683 2096 745 2157 ede
762 2094 841 2177 quid
859 2094 950 2156 illum

85 2221 163 2265 esse
175 2211 282 2284 putes.
332 2202 483 2284 quemvis
497 2202 665 2265 hominem
680 2223 793 2267 secum
807 2203 919 2265 attulit
933 2204 973 2265 ad
988 2224 1048 2266 nos
1062 2225 1068 2266 :
1098 2224 1129 2276 75

84 2310 324 2392 grammaticus
340 2310 454 2373 rhetor
470 2319 659 2393 geometres
676 2312 784 2392 pictor
801 2311 918 2393 aliptes

85 2437 192 2499 augur
209 2417 452 2481 schoenobates
470 2419 619 2483 medicus
638 2440 764 2501 magus,
784 2420 895 2482 omnia
912 2419 1004 2482 novit

85 2525 271 2589 Graeculus
289 2525 440 2590 esuriens
451 2549 458 2603 ;
486 2528 520 2590 in
538 2527 676 2602 caelum,
696 2528 842 2602 iusseris,
862 2528 932 2590 ibit.

84 2634 120 2696 in
138 2654 268 2698 summa
284 2654 351 2697 non
370 2635 507 2698 Maurus
526 2645 595 2698 erat
614 2655 722 2718 neque
741 2635 893 2698 Sarmata
910 2656 971 2699 nec
989 2636 1101 2698 Thrax

84 2742 144 2824 qui
156 2743 300 2825 sumpsit
317 2742 446 2825 pinnas,
465 2744 583 2807 mediis
601 2745 659 2807 sed
677 2754 775 2807 natus
793 2743 950 2806 Athenis.
1095 2752 1127 2799 80

46 2925 50 2935 ν
84 2851 204 2913 horum
221 2871 284 2933 ego
301 2871 369 2914 non
385 2851 512 2934 fugiam
530 2851 728 2936 conchylia?
761 2871 813 2913 me
830 2851 919 2932 prior
936 2852 990 2914 ille

84 2959 232 3041 signabit
249 2960 420 3043 fultusque
437 2970 511 3023 toro
527 2960 665 3023 meliore
682 2960 862 3034 recumbet,

83 3067 245 3131 advectus
265 3069 406 3131 Romam
424 3089 490 3151 quo
507 3089 614 3151 pruna
630 3077 663 3131 et
681 3078 818 3132 cottona
834 3070 959 3130 vento?

27 3150 33 3171 ι
84 3195 190 3259 usque
206 3176 289 3239 adeo
307 3176 389 3238 nihil
406 3187 457 3239 est
475 3178 562 3259 quod
579 3186 694 3240 nostra
712 3177 852 3239 infantia
869 3176 996 3241 caelum

83 3283 195 3346 hausit
213 3284 377 3347 Aventini
393 3285 475 3349 baca
492 3285 617 3349 nutrita
636 3284 782 3349 Sabina?
1095 3292 1127 3357 85

83 3392 163 3474 quid
181 3393 269 3475 quod
286 3392 444 3456 adulandi
460 3414 545 3476 gens
561 3393 824 3476 prudentissima
840 3392 951 3457 laudat

73 3520 272 3564 sermonem
291 3501 428 3577 indocti,
443 3503 564 3566 faciem
582 3502 740 3565 deformis
758 3501 863 3575 amici,

83 3618 117 3672 et
135 3608 273 3691 longum
291 3609 427 3673 invalidi
444 3610 565 3674 collum
583 3611 769 3674 cervicibus
787 3618 906 3691 aequat
