2422 4006
492 287 639 336 SATVRA
664 288 703 336 VI

66 458 151 521 dum
169 456 235 521 sibi
252 455 395 520 nobilior
414 457 566 519 Latonae
583 465 687 538 gente
702 456 835 520 videtur

67 575 171 647 atque
189 565 307 627 eadem
324 563 435 627 scrofa
452 563 564 626 Niobe
580 564 757 627 fecundior
773 564 857 628 alba.

68 692 154 755 quae
171 671 259 735 tanti
275 671 431 754 gravitas,
449 691 535 754 quae
551 672 669 753 forma,
683 681 720 735 ut
739 693 776 737 se
793 673 855 737 tibi
873 692 1006 754 semper

69 781 240 863 imputet?
273 780 372 843 huius
390 780 479 842 enim
497 780 562 843 rari
579 781 765 862 summique
781 780 937 863 voluptas

70 884 162 953 nulla
179 889 268 964 boni,
287 888 445 971 quotiens
461 888 574 951 animo
592 899 748 970 corrupta
765 890 910 971 superbo
971 880 975 885 ’
1074 896 1120 946 180

70 997 146 1079 plus
163 997 254 1060 aloes
272 1017 370 1079 quam
388 996 496 1060 mellis
513 997 624 1062 habet.
674 998 747 1079 quis
764 997 898 1060 deditus
915 1007 1026 1060 autem

70 1106 273 1187 usqueadeo
291 1115 352 1180 est,
373 1114 408 1168 ut
426 1126 494 1168 non
512 1105 601 1168 illam
618 1126 718 1188 quam
735 1105 889 1168 laudibus
907 1106 1006 1168 effert

71 1213 204 1276 horreat
223 1214 323 1296 inque
340 1213 429 1276 diem
447 1215 597 1296 septenis
614 1214 722 1277 oderit
741 1214 857 1276 horis?
920 1245 925 1255 ·

122 1320 293 1403 Quaedam
311 1342 412 1403 parva
429 1322 571 1404 quidem,
591 1323 735 1385 sednon
753 1322 926 1385 toleranda
943 1323 1077 1387 maritis

70 1450 148 1492 nam
166 1429 245 1512 quid
262 1429 430 1494 rancidius
447 1451 546 1513 quam
564 1431 652 1513 quod
670 1451 706 1494 se
720 1431 788 1493 'non
806 1438 901 1513 putat
919 1431 985 1494 ulla
1072 1437 1117 1504 185

69 1537 252 1600 formosam
270 1538 336 1600 nisi
352 1559 438 1621 quae
454 1539 496 1601 de
513 1539 625 1602 Tusca
644 1538 808 1602 Graecula
825 1539 914 1603 lacta
931 1548 991 1619 est,

69 1646 112 1708 de
131 1645 347 1709 Sulmonensi
364 1667 455 1710 mera
473 1646 656 1730 Cecropis?
689 1648 801 1710 omnia
818 1647 954 1721 Graece,

70 1774 147 1817 cum
166 1755 210 1817 sit
228 1765 326 1836 turpe
343 1755 450 1837 magis
467 1756 594 1819 nostris
611 1756 742 1819 nescire
761 1757 900 1832 Latine;

71 1863 134 1925 hoc
152 1883 306 1926 sermone
323 1873 456 1945 pavent,
476 1864 539 1928 hoc
556 1865 638 1927 iram
655 1865 777 1946 gaudia
794 1845 899 1939 curas,

69 1970 134 2033 hoc
152 1980 273 2034 cuncta
290 1971 469 2035 effundunt
487 1973 590 2035 animi
607 1982 746 2036 secreta.
796 1974 875 2056 quid
892 1973 1004 2035 ultra?
1070 1994 1116 2044 190

70 2081 299 2143 concumbunt
318 2079 456 2144 Graece.
505 2082 611 2144 dones
629 2090 742 2143 tamen
759 2082 824 2144 ista
840 2081 978 2163 puellis:

69 2197 152 2250 tune
170 2189 280 2264 etiam,
300 2209 399 2271 quam
417 2198 531 2252 sextus
549 2199 583 2252 et
600 2190 852 2271 octogensimus
870 2211 978 2253 annus

70 2295 194 2378 pulsat,
214 2297 322 2360 adhuc
340 2296 492 2361 Graece?
525 2318 592 2379 non
610 2307 662 2361 est
680 2298 734 2360 hic
752 2319 861 2361 sermo
878 2298 1018 2380 pudicus

70 2405 103 2467 in
120 2405 243 2468 vetula.
293 2405 448 2487 quotiens
466 2405 625 2469 lascivum
645 2406 825 2468 intervenit
844 2406 924 2469 illud

70 2511 135 2592 ζωὴ
152 2509 208 2574 καὶ
225 2507 335 2597 ψυχή,
355 2515 453 2576 modo
471 2515 534 2577 sub
551 2514 659 2577 lodice
676 2515 800 2578 relictis
1069 2537 1114 2590 ¹95

68 2621 174 2685 uteris
191 2622 225 2684 in
242 2623 349 2685 turba.
400 2623 487 2704 quod
505 2623 594 2685 enim
612 2644 680 2685 non
699 2624 821 2686 excitet
840 2623 965 2706 inguen

67 2751 132 2792 vox
145 2730 267 2793 blanda
279 2740 312 2793 et
326 2732 494 2813 nequam?
527 2731 651 2813 digitos
665 2732 777 2795 habet.
821 2740 857 2794 ut
870 2741 982 2795 tamen
996 2752 1113 2796 omnes

68 2838 246 2902 subsidant
263 2838 395 2920 pinnae,
415 2839 506 2903 dicas
524 2840 607 2903 haec
624 2839 756 2903 mollius
776 2841 907 2903 Haemo

67 2967 268 3028 quamquam
286 2956 319 3009 et
337 2947 564 3029 Carpophoro,
582 2949 687 3011 iacies
704 2959 763 3011 tua
779 2957 939 3029 conputat
957 2969 1072 3012 annos.

115 3054 153 3118 Si
169 3055 232 3117 tibi
248 3054 408 3137 legitimis
425 3065 556 3137 pactam
576 3056 790 3138 iunctamque
807 3055 938 3119 tabellis
1065 3079 1113 3114 200

67 3183 134 3226 non
154 3184 191 3226 es
208 3172 388 3238 amaturus,
408 3165 552 3228 ducendi
569 3164 661 3227 nulla
676 3164 808 3227 videtur
968 3239 971 3244 .

66 3291 176 3346 causa,
196 3291 258 3335 nec
275 3281 326 3335 est
344 3293 446 3355 quare
464 3293 580 3336 cenam
597 3282 631 3336 et
649 3282 820 3336 mustacea
836 3274 955 3354 perdas

63 3379 201 3443 labente
218 3379 327 3443 officio
344 3381 455 3444 crudis
473 3381 635 3455 donanda,
655 3403 718 3445 nec
736 3381 815 3444 illud

64 3489 155 3571 quod
172 3488 279 3570 prima
295 3509 354 3570 pro
372 3498 472 3552 nocte
488 3491 594 3564 datur,
614 3510 690 3552 cum
707 3488 802 3553 lance
818 3490 917 3552 beata

65 3596 211 3661 Dacicus
229 3605 262 3659 et
280 3597 406 3679 scripto
424 3599 527 3661 radiat
547 3598 770 3704 Germanicus
785 3619 873 3661 auro.
1062 3623 1109 3676 205
