2422 4006
106 274 138 323 70
535 276 737 323 lVVENALlS

106 464 181 506 cum
201 444 308 505 Pansa
324 443 443 524 eripiat
459 444 620 525 quidquid
638 443 700 506 tibi
718 443 824 505 Natta
840 443 986 526 reliquit,

107 551 237 633 iamque
254 561 348 627 tace;
372 550 465 613 furor
481 561 533 613 est
551 559 627 632 post
644 551 755 613 omnia
771 552 911 632 perdere
929 552 1074 615 naulum.

106 679 173 722 non
190 659 278 721 idem
295 659 443 741 gemitus
460 659 538 722 olim
557 679 666 741 neque
683 659 804 721 vulnus
822 668 892 721 erat
910 680 969 740 par

106 768 301 830 damnorum
321 767 419 830 sociis
436 767 634 830 florentibus
651 776 685 830 et
703 768 801 830 modo
818 767 925 830 victis.

106 876 205 957 plena
221 876 340 939 domus
358 886 439 938 tunc
455 875 574 949 omnis,
593 884 627 937 et
644 874 765 957 ingens
783 876 892 938 stabat
910 896 1050 938 acervus
1108 896 1147 931 100

107 1004 329 1059 nummorum,
350 983 515 1066 Spartana
531 983 690 1067 chlamys,
709 983 886 1067 conchylia
902 983 981 1059 Coa,

107 1103 140 1155 et
158 1113 234 1156 cum
254 1093 419 1155 Parrhasii
436 1092 558 1155 tabulis
576 1092 749 1174 signisque
768 1091 921 1175 Myronis

110 1201 300 1264 Phidiacum
317 1201 450 1263 vivebat
468 1201 559 1274 ebur,
579 1221 724 1263 necnon
745 1199 898 1284 Polycliti

79 1392 86 1399 ι
108 1309 233 1371 multus
250 1310 372 1390 ubique
389 1308 491 1382 labor,
510 1328 602 1370 rarae
619 1309 692 1370 sine
710 1310 867 1371 Mentore
884 1328 1031 1371 mensae.

108 1417 185 1480 inde
203 1416 397 1479 Dolabellae
414 1426 514 1498 atque
531 1416 609 1479 hinc
626 1416 808 1490 Antonius
828 1417 906 1479 inde
1108 1434 1149 1487 105

108 1524 291 1607 sacrilegus
307 1526 431 1588 Verres
449 1525 639 1587 referebant
656 1525 797 1587 navibus
814 1524 892 1587 altis

109 1633 240 1696 occulta
256 1633 361 1714 spolia
378 1644 411 1696 et
429 1633 540 1715 plures
558 1634 599 1694 de
616 1653 698 1714 pace
714 1633 913 1714 triumphos,

109 1762 198 1804 nunc
216 1742 316 1804 sociis
333 1742 410 1823 iuga
426 1761 531 1823 pauca
548 1742 658 1815 boum,
678 1761 758 1823 grex
776 1762 897 1822 parvus
915 1761 1085 1823 equarum,

109 1858 142 1911 et
159 1859 255 1930 pater
271 1849 413 1912 armenti
431 1859 528 1930 capto
547 1849 705 1929 eripietur
722 1848 839 1931 agello

109 1957 171 2039 ipsi
188 1958 309 2020 deinde
328 1959 440 2032 LareS,
460 1958 593 2039 siquod
611 1956 794 2039 spectabile
811 1957 955 2039 signum,
1109 1976 1150 2011 110

109 2065 137 2128 si
154 2066 228 2147 quis
246 2066 280 2128 in
297 2066 444 2128 aedicula
462 2066 544 2128 deus
562 2066 700 2142 unicus;
724 2066 807 2129 haec
825 2066 951 2128 etenim
969 2075 1049 2129 sunt

109 2195 169 2255 pro
186 2175 333 2249 summis,
353 2195 427 2236 nam
446 2185 525 2236 sunt
544 2174 625 2237 haec
643 2174 794 2238 maxima.
844 2174 1009 2255 despicias
1027 2183 1064 2237 tu

108 2283 250 2346 forsitan
268 2282 400 2345 inbellis
419 2282 570 2345 Rhodios
588 2293 791 2365 unctamque
810 2283 1007 2357 Corinthon,

109 2391 272 2472 despicias
290 2391 427 2465 merito;
453 2391 533 2473 quid
550 2392 697 2454 resinata
714 2392 871 2454 iuventus

109 2519 271 2581 cruraque
287 2499 391 2561 totius
409 2499 534 2562 facient
551 2500 613 2562 tibi
629 2498 714 2562 levia
730 2499 866 2581 gentis?

108 2608 241 2670 horrida
257 2608 392 2669 vitanda
408 2616 460 2670 est
479 2608 655 2688 Hispania,
675 2606 822 2670 Gallicus
839 2607 910 2670 axis

110 2715 345 2800 Illyricumque
363 2715 469 2792 latus;
495 2736 593 2796 parce
611 2724 643 2778 et
661 2715 866 2778 messoribus
884 2714 949 2778 illis

108 2824 164 2906 qui
182 2834 333 2886 saturant
350 2823 465 2885 urbem
484 2824 572 2887 circo
591 2843 800 2905 scaenaeque
816 2832 1014 2899 vacantem;
1039 2833 1043 2840 '

108 2942 233 3014 quanta
249 2942 359 2994 autem
380 2931 457 2993 inde
472 2932 561 2994 feres
578 2942 646 2994 tam
664 2932 755 2995 dirae
772 2931 919 3013 praemia
934 2932 1063 3012 culpae,

109 3061 183 3102 cum
201 3040 312 3102 tenuis
331 3049 438 3121 nuper
455 3040 582 3102 Marius
600 3040 793 3103 discinxerit
812 3039 940 3102 Afros?
1109 3058 1152 3094 120

109 3149 288 3211 curandum
306 3148 340 3210 in
358 3147 474 3229 primis
492 3167 534 3209 ne
551 3168 673 3228 magna
688 3147 810 3210 iniuria
826 3148 884 3209 fiat

108 3256 251 3319 fortibus
269 3265 303 3318 et
320 3257 461 3319 miseris.
511 3255 609 3317 tollas
626 3255 704 3317 licet
722 3275 821 3318 omne
838 3255 926 3337 quod
944 3274 1087 3336 usquam
1103 3262 1153 3317 est

108 3366 179 3428 auri
196 3374 296 3446 atque
314 3365 452 3446 argenti,
473 3373 604 3426 scutum
624 3363 836 3444 gladiumque
853 3362 1022 3444 relinques

108 3483 141 3536 et
159 3472 303 3536 iaculum
321 3482 354 3535 et
371 3472 520 3554 galeam;
546 3471 696 3552 spoliatis
712 3491 805 3533 arma
821 3479 1013 3552 supersunt.

107 3583 196 3665 quod
214 3582 313 3645 modo
330 3580 498 3662 proposui,
513 3599 580 3642 non
594 3588 645 3640 est
661 3579 839 3653 sententia,
858 3599 973 3641 verum
991 3589 1064 3642 est:
1111 3598 1155 3651 ης
