2422 4006
79 276 111 326 50
504 275 707 323 IVVENALIS

80 445 202 526 excipit
220 445 261 507 ad
278 453 399 526 portas,
419 444 579 525 quosdam
596 442 676 506 iacit
694 463 701 519 ;
725 442 792 505 isse
809 442 992 524 Niphatem
1076 457 1115 511 445

80 556 115 617 in
131 552 271 636 populos
289 572 477 635 magnoque
494 551 561 615 illic
578 559 700 615 cuncta
716 571 794 614 arva
810 550 919 613 teneri
1055 554 1116 620 (410)

80 662 214 736 diluvio,
233 670 351 724 nutare
368 661 477 736 urbes,
497 660 671 724 subsidere
686 669 792 723 terras

81 790 291 854 quocumque
308 769 342 832 in
359 769 466 844 trivio,
486 769 683 851 cuicumque
700 777 751 832 est
768 768 873 842 obvia,
893 777 1015 831 narrat.

129 880 201 942 Nec
218 889 331 942 tamen
349 876 381 940 id
395 877 512 940 vitium
531 877 637 959 magis
654 875 863 940 intolerabile
880 897 980 958 quam
998 895 1083 959 quae

82 988 210 1052 vicinos
227 985 370 1050 humiles
387 1006 503 1067 rapere
520 995 554 1048 et
571 986 747 1049 concidere
764 984 843 1048 loris
1080 1001 1123 1054 450

83 1105 218 1160 exorata
235 1095 330 1158 solet.
380 1115 455 1157 nam
473 1094 502 1157 si
517 1094 693 1158 latratibus
710 1093 768 1156 alti
1056 1098 1121 1165 (μς)

84 1213 284 1287 rumpuntur
301 1203 420 1277 somni,
441 1202 567 1266 ‘fustes
585 1203 650 1266 huc
668 1203 761 1266 ocius
769 1201 780 1245 .’
800 1202 908 1283 inquit

86 1311 252 1376 ‘adferte'
271 1321 372 1394 atque
389 1311 455 1374 illis
472 1312 644 1374 dominum
662 1312 753 1374 iubet
771 1321 849 1374 ante
866 1310 967 1385 feriri,

84 1422 204 1485 deinde
221 1441 345 1484 canem.
395 1420 506 1502 gravis
523 1440 673 1495 occursu,
692 1420 882 1484 taeterrima
898 1419 993 1482 vultu

84 1531 204 1594 balnea
220 1538 320 1592 nocte
338 1528 436 1603 subit,
457 1530 602 1592 conchas
620 1538 653 1591 et
671 1537 781 1593 castra
798 1527 924 1590 moveri
1082 1543 1124 1598 455

84 1648 184 1701 nocte
201 1639 304 1712 iubet,
322 1658 443 1718 magno
461 1638 584 1718 gaudet
602 1638 721 1701 sudare
737 1637 893 1711 tumultu,
1059 1640 1123 1707 (420)

85 1768 159 1810 cum
178 1746 303 1809 lassata
319 1744 412 1827 gravi
429 1745 622 1808 ceciderunt
640 1725 795 1810 bracchia
811 1765 930 1819 massa,

85 1855 223 1918 callidus
241 1863 274 1916 et
292 1853 413 1917 cristae
430 1854 552 1936 digitos
571 1854 727 1936 inpressit
745 1854 864 1935 aliptes

85 1984 122 2026 ac
141 1983 306 2025 summum
324 1962 479 2025 dominae
495 1962 607 2024 femur
623 1962 808 2025 exclamare
826 1962 944 2043 coegit.

85 2071 244 2134 convivae
261 2070 373 2133 miseri
389 2070 518 2133 interea
534 2091 717 2153 somnoque
732 2071 888 2154 fameque
1083 2076 1125 2137 460

85 2189 254 2262 urgentur.
305 2179 440 2241 tandem
458 2178 514 2242 illa
529 2179 621 2242 venit
640 2175 868 2254 rubicundula,
887 2187 997 2242 totum
1061 2183 1123 2250 (425)

84 2288 314 2370 oenophorum
333 2287 459 2362 sitiens,
478 2287 577 2369 plena
594 2289 682 2370 quod
700 2288 851 2351 tenditur
868 2307 952 2350 urna

84 2398 255 2459 admotum
273 2395 424 2477 pedibus,
443 2397 567 2478 dequo
585 2397 749 2459 sextarius
766 2396 850 2459 alter

84 2505 215 2568 ducitur
233 2513 311 2567 ante
328 2504 438 2567 cibum
458 2504 605 2566 rabidam
622 2505 772 2568 facturus
790 2505 924 2578 orexim,

83 2614 161 2676 dum
180 2614 263 2676 redit
282 2622 315 2674 et
332 2613 401 2675 loto
418 2622 540 2675 terram
557 2613 635 2676 ferit
653 2614 825 2680 intestino.
1084 2617 1127 2679 465

83 2722 304 2784 marmoribus
322 2721 382 2783 rivi
400 2732 589 2804 properant,
608 2732 724 2785 aurata
742 2722 921 2785 Falernum
1061 2725 1126 2792 (430)

83 2831 188 2912 pelvis
206 2830 273 2893 olet
291 2850 299 2906 ;
325 2851 401 2892 nam
415 2831 463 2893 sic
481 2841 650 2912 tamquam
669 2831 736 2893 alta
753 2831 786 2892 in
804 2831 891 2893 dolia
908 2831 1028 2913 longus

82 2939 244 3002 deciderit
263 2958 412 3020 serpens,
432 2939 516 3001 bibit
535 2950 568 3002 et
584 2940 699 3002 vomit.
749 2960 828 3021 ergo
845 2939 985 3002 maritus

83 3057 221 3110 nauseat
240 3058 340 3129 atque
358 3048 463 3110 oculis
481 3048 582 3110 bilem
601 3048 801 3130 substringit
819 3048 954 3130 opertis.

130 3155 190 3218 illa
207 3165 318 3217 tamen
336 3156 467 3237 gravior
483 3177 576 3238 quae,
597 3178 672 3221 cum
690 3157 900 3220 discumbere
917 3155 1037 3237 coepit,
1084 3174 1130 3221 470

80 3263 193 3326 laudat
211 3263 408 3346 Vergilium,
429 3265 597 3347 periturae
614 3265 758 3348 ignoscit
779 3266 918 3340 Elissae,
1060 3269 1127 3338 (435)

81 3371 261 3434 committit
278 3382 373 3435 vates
391 3383 424 3436 et
442 3384 621 3455 comparat,
640 3374 718 3436 inde
737 3375 911 3436 Maronem

80 3489 182 3561 atque
198 3479 261 3542 alia
278 3490 374 3562 parte
391 3481 425 3543 in
442 3481 570 3544 trutina
588 3482 762 3563 suspendit
782 3482 980 3544 Homerum.

80 3588 204 3652 cedunt
224 3589 442 3670 grammatici,
461 3590 642 3653 vincuntur
658 3591 820 3665 rhetores,
839 3590 948 3653 omnis
