2422 4006
485 283 631 331 SATVRA
656 283 698 330 ΙΙΙ
1084 283 1113 333 17

69 471 138 514 non
157 460 208 514 est
228 451 380 514 Romano
398 451 551 533 cuiquam
569 450 662 513 locus
680 451 743 525 hic,
763 452 819 515 ubi
836 462 953 534 regnat

71 561 280 642 Protogenes
297 558 416 642 aliquis
433 557 486 620 vel
504 557 661 640 Diphilus
679 567 735 622 aut
755 559 993 634 Hermarchus,
1069 582 1114 617 120

70 667 129 750 qui
145 667 257 750 gentis
274 666 356 730 vitio
373 687 554 749 numquam
571 666 716 749 partitur
731 667 884 743 amicum,

70 775 163 838 solus
177 775 285 838 habet.
335 795 410 838 nam
429 794 503 839 cum
520 774 654 839 facilem
671 775 808 839 stillavit
826 776 857 838 in
876 796 989 839 aurem

70 884 229 967 exiguum
246 883 288 946 de
304 892 443 946 naturae
460 884 653 966 patriaeque
669 904 808 959 veneno,

69 992 188 1056 limine
205 1010 423 1066 summoveor,
442 991 613 1074 perierunt
631 1001 781 1075 tempora
797 993 890 1076 longi

70 1100 219 1176 servitii;
243 1120 406 1182 nusquam
423 1099 532 1164 minor
549 1110 601 1164 est
619 1101 747 1165 iactura
762 1099 902 1164 clientis.
1069 1123 1113 1174 125

120 1209 219 1292 Quod
236 1227 333 1290 porro
350 1207 506 1283 officium,
526 1229 568 1271 ne
585 1209 682 1273 nobis
699 1209 856 1284 blandiar,
875 1219 931 1272 aut
949 1211 1037 1292 quod

70 1316 227 1400 pauperis
244 1317 298 1380 hic
315 1317 479 1392 meritum,
499 1317 527 1380 si
545 1328 637 1381 curet
657 1327 756 1382 nocte
772 1327 908 1400 togatus

71 1446 214 1502 currere,
233 1446 309 1490 cum
325 1435 460 1507 praetor
475 1426 627 1493 lictorem
644 1426 792 1508 impellat
810 1436 843 1489 et
862 1426 909 1515 ire

71 1534 287 1617 praecipitem
304 1534 426 1609 iubeat,
446 1535 570 1599 dudum
588 1534 805 1617 vigilantibus
822 1535 920 1609 orbis,

71 1663 115 1706 ne
132 1643 221 1724 prior
238 1642 398 1705 Albinam
417 1652 450 1706 et
469 1642 617 1706 Modiam
635 1642 763 1725 collega
779 1643 926 1706 salutet?
1068 1664 1115 1715 130

71 1750 186 1814 divitis
203 1751 257 1827 hic
274 1771 370 1814 servo
389 1751 492 1815 cludit
509 1751 597 1814 latus
615 1751 835 1834 ingenuorum

70 1859 179 1936 filius;
203 1858 288 1922 alter
304 1859 394 1922 enim
411 1870 573 1942 quantum
590 1859 624 1922 in
642 1860 773 1942 legione
789 1860 916 1923 tribuni

70 1968 251 2050 accipiunt,
270 1968 372 2031 donat
390 1968 547 2031 Calvinae
564 1968 617 2031 vel
636 1968 805 2044 Catienae,

71 2086 108 2140 ut
126 2075 231 2140 semel
247 2087 303 2143 aut
321 2076 440 2139 iterum
459 2097 559 2159 super
575 2077 664 2140 illam
682 2077 841 2159 palpitet;
866 2086 900 2140 at
917 2087 962 2151 tu,

71 2205 147 2249 cum
166 2185 228 2248 tibi
244 2186 358 2248 vestiti
373 2184 477 2249 facies
495 2186 598 2249 scorti
614 2185 733 2267 placet,
751 2186 870 2248 haeres
1068 2206 1114 2257 135

71 2302 106 2356 et
123 2293 257 2357 dubitas
274 2293 341 2356 alta
358 2293 511 2356 Chionen
528 2294 693 2358 deducere
711 2294 800 2358 sella.

71 2403 115 2464 da
131 2411 254 2465 testem
273 2403 400 2465 Romae
417 2412 486 2465 tam
504 2413 657 2481 sanctum
675 2422 774 2485 quam
791 2402 856 2465 fuit
873 2403 995 2484 hospes

71 2510 220 2574 numinis
238 2511 339 2586 Idaei,
358 2512 514 2593 procedat
532 2511 584 2573 vel
603 2511 714 2574 Numa
730 2511 782 2573 vel
799 2510 856 2592 qui

72 2619 216 2683 servavit
234 2620 398 2702 trepidam
415 2620 568 2702 flagranti
586 2640 627 2683 ex
643 2621 724 2682 aede
743 2619 951 2682 Minervam:

72 2728 224 2810 protinus
240 2729 281 2791 ad
298 2748 446 2803 censum,
464 2729 506 2792 de
523 2729 671 2791 moribus
689 2728 804 2790 ultima
821 2727 877 2789 fiet
1069 2750 1115 2796 140

72 2836 233 2918 quaestio,
255 2838 270 2879 s
285 2846 384 2918 ‘quot
401 2838 506 2918 pascit
524 2837 662 2900 servos?
696 2845 776 2918 quot
795 2834 945 2917 possidet
962 2835 1034 2917 agri

72 2944 208 3026 iugera?
241 2964 340 3027 quam
357 2946 462 3008 multa
479 2965 665 3028 magnaque
683 2943 859 3027 paropside
876 2953 974 3007 cenat
987 2943 1017 3005 ?’

71 3061 233 3134 quantum
251 3053 392 3136 quisque
410 3075 469 3117 sua
486 3075 696 3118 nummorum
714 3064 824 3116 servat
842 3052 876 3116 in
893 3073 978 3128 arca,

71 3169 205 3223 tantum
223 3161 375 3225 habetet
392 3163 477 3227 fidei.
528 3163 616 3226 iures
633 3163 711 3227 licet
729 3173 762 3226 et
782 3163 1036 3226 Samothracum

72 3278 105 3332 et
124 3279 315 3333 nostrorum
332 3292 414 3347 aras,
434 3283 650 3336 contemnere
667 3271 809 3335 fulmina
826 3291 951 3354 pauper
1069 3288 1116 3342 145

72 3378 220 3442 creditur
237 3389 337 3463 atque
353 3381 433 3443 deos
450 3382 500 3444 dis
518 3381 771 3464 ignoscentibus
786 3380 876 3462 ipsis.

43 3483 60 3514 s
72 3487 152 3570 quid
169 3489 257 3570 quod
275 3489 446 3552 materiam
463 3490 601 3572 praebet
619 3509 803 3572 causasque
820 3489 967 3552 iocorum

72 3595 229 3661 omnibus
246 3597 300 3662 hic
318 3597 414 3674 idem,
434 3598 462 3661 si
478 3597 578 3661 foeda
594 3607 627 3661 et
646 3597 750 3661 scissa
766 3597 908 3671 lacerna,
