2422 4006
120 269 154 320 90
544 270 746 319 IVVENALIS
757 232 764 244 ¹

121 446 276 519 coeperat
293 439 436 501 audaces
454 437 547 500 Paris
563 437 739 501 aedificare
754 438 893 502 carinas.

121 547 221 628 longa
237 545 308 609 dies
325 546 429 628 igitur
445 546 524 629 quid
542 546 707 609 contulit?
755 547 865 609 omnia
880 546 965 609 vidit

121 674 237 717 eversa
254 664 287 717 et
305 654 446 718 flammis
465 654 584 717 Asiam
600 654 759 737 ferroque
775 655 962 718 cadentem.

121 771 202 826 tunc
219 762 314 826 miles
332 762 495 826 tremulus
512 763 623 845 posita
638 763 715 826 tulit
732 784 824 826 arma
839 763 924 826 tiara

122 880 155 933 et
173 871 239 934 ruit
256 880 335 934 ante
352 892 442 934 aram
461 871 581 934 summi
601 872 690 935 Iovis
706 881 743 934 ut
760 872 893 935 vetulus
911 872 983 947 bos

62 1038 65 1043 ⁴
122 979 178 1060 qui
195 978 320 1042 domini
338 980 454 1043 cultris
474 989 577 1042 tenue
595 990 628 1043 et
645 979 835 1043 miserabile
851 979 974 1043 collum

122 1088 259 1169 praebet
276 1088 318 1151 ab
335 1088 466 1170 ingrato
484 1088 549 1152 iam
565 1089 738 1152 fastiditus
755 1097 873 1152 aratro.

122 1196 231 1259 exitus
249 1196 304 1258 ille
321 1206 503 1279 utcumque
520 1197 676 1273 hominis,
695 1198 755 1260 sed
772 1206 867 1259 torva
883 1196 1003 1260 canino

121 1304 253 1366 latravit
271 1305 358 1368 rictu
374 1326 459 1388 quae
477 1316 553 1386 post
571 1306 660 1369 hunc
677 1305 802 1367 vixerat
821 1325 910 1368 uxor.

120 1411 246 1475 festino
263 1413 304 1475 ad
321 1423 455 1476 nostros
474 1422 507 1475 et
525 1433 637 1496 regem
656 1423 791 1476 transeo
808 1413 906 1476 Ponti

121 1530 155 1582 et
173 1521 345 1596 Croesum,
364 1542 463 1604 quem
481 1542 544 1584 vox
562 1522 643 1585 iusti
659 1522 804 1585 facunda
823 1521 956 1586 Solonis

93 1630 287 1719 xrespicere
304 1631 345 1692 ad
363 1630 482 1713 longae
499 1630 597 1694 iussit
613 1631 721 1712 spatia
738 1629 856 1693 ultima
872 1630 970 1694 vitae.

121 1737 273 1801 exsilium
291 1747 325 1801 et
342 1759 453 1802 carcer
470 1739 787 1821 Minturnarumque
802 1738 940 1820 paludes

122 1855 155 1908 et
172 1847 381 1910 mendicatus
398 1847 487 1910 victa
505 1847 709 1930 Carthagine
726 1847 822 1929 panis

121 1954 198 2018 hinc
215 1976 334 2018 causas
350 1956 518 2032 habuere3
542 1957 621 2039 quid
638 1956 694 2019 illo
711 1956 783 2020 cive
799 1954 933 2019 tulisset

121 2073 240 2126 natura
257 2064 416 2139 interris,
435 2065 515 2147 quid
534 2066 642 2127 Roma
658 2065 789 2128 beatius
807 2084 973 2146 umquam,

122 2170 150 2234 si
166 2171 392 2235 circumducto
411 2173 618 2254 captivorum
635 2173 770 2254 agmine
786 2182 820 2235 et
838 2173 929 2235 omni

122 2279 284 2343 bellorum
302 2301 423 2362 pompa
439 2281 583 2343 animam
602 2281 790 2344 exhalasset
807 2281 963 2362 opimam,

122 2409 195 2451 cum
214 2390 256 2450 de
272 2389 459 2452 Teutonico
477 2389 577 2452 vellet
595 2390 800 2452 descendere
817 2389 941 2453 curru?

122 2497 257 2577 provida
276 2497 434 2578 Pompeio
452 2498 589 2560 dederat
608 2498 790 2579 Campania
806 2498 918 2560 febres

122 2606 293 2686 optandas
314 2607 373 2668 sed
390 2605 515 2669 multae
532 2607 632 2668 urbes
650 2617 683 2668 et
702 2605 836 2687 publica
852 2615 929 2668 vota

121 2714 273 2776 vicerunt
287 2735 295 2791 ;
320 2714 422 2796 igitur
437 2715 573 2777 fortuna
589 2714 694 2795 ipsius
712 2724 745 2777 et
763 2714 853 2777 urbis

122 2832 291 2884 servatum
307 2822 397 2886 victo
414 2832 514 2904 caput
531 2821 679 2885 abstulit.
729 2822 792 2885 hoc
810 2822 959 2885 cruciatu

124 2930 296 3006 Lentulus,
316 2931 377 2993 hac
395 2951 502 3012 poena
519 2931 624 2994 caruit
642 2930 829 3013 ceciditque
847 2930 1019 3011 Cethegus

121 3037 261 3120 integer,
281 3049 315 3101 et
332 3039 433 3102 iacuit
452 3038 598 3101 Catilina
614 3039 774 3102 cadavere
791 3049 873 3102 toto.

169 3148 323 3209 Formam
341 3156 435 3228 optat
453 3147 583 3212 modico
600 3147 723 3229 pueris
742 3146 866 3209 maiore
883 3146 1003 3228 puellis

122 3275 300 3331 murmure,
319 3276 396 3318 cum
413 3256 556 3318 Veneris
573 3256 689 3319 fanum
706 3255 798 3318 videt
817 3255 914 3317 anxia
930 3264 1039 3318 mater

123 3364 285 3445 usquead
303 3363 439 3427 delicias
458 3374 621 3427 votorum.
673 3376 751 3427 ‘cur
767 3362 899 3426 tamen’
919 3363 1027 3445 inquit

124 3471 301 3553 ‘corripias
315 3473 326 3534 ?
375 3473 513 3554 pulchra
529 3474 653 3554 gaudet
673 3473 805 3535 Latona
822 3470 950 3534 Diana.’

123 3582 181 3643 sed
198 3590 289 3643 vetat
308 3581 415 3662 optari
430 3582 550 3644 faciem
571 3582 729 3644 Lucretia
745 3580 876 3662 qualem
