2422 4006
483 278 628 326 SATVRA
654 278 695 324 111

65 446 96 508 si
114 455 211 508 vocat
229 445 385 520 officium,
404 446 501 508 turba
518 447 659 508 cedente
675 446 815 507 vehetur

65 553 160 616 dives
178 563 211 616 et
228 553 358 635 ingenti
375 564 485 617 curret
504 573 604 634 super
620 573 677 615 ora
695 553 845 616 Liburna
1065 574 1112 620 ²40

65 671 168 744 atque
185 662 293 726 obiter
310 662 399 745 leget
416 672 472 725 aut
491 663 613 726 scribet
629 662 681 724 vel
699 661 838 724 dormiet
857 661 967 738 intus;

66 792 212 854 namque
228 773 308 836 facit
327 793 480 836 somnum
498 772 611 836 clausa
626 772 744 835 lectica
760 771 918 834 fenestra.

67 890 147 943 ante
164 889 277 944 tamen
294 881 427 945 veniet:
453 881 548 944 nobis
565 880 821 962 properantibus
838 888 950 961 opstat

68 990 157 1052 unda
174 989 271 1071 prior,
291 1009 413 1072 magno
430 989 572 1071 populus
590 988 709 1071 premit
728 989 861 1071 agmine
878 987 1009 1050 lumbos

68 1097 125 1179 qui
142 1098 310 1179 sequitur;
334 1097 413 1159 ferit
430 1098 485 1160 hic
502 1097 626 1173 cubit0,
644 1097 722 1160 ferit
740 1116 853 1160 assere
870 1097 952 1158 duro
1066 1116 1112 1167 245

67 1205 161 1280 alter,
180 1215 214 1268 at
232 1206 284 1269 hic
300 1207 432 1287 tignum
450 1207 551 1287 capiti
568 1206 697 1280 incutit,
716 1205 771 1268 ille
788 1213 972 1267 metretam.

68 1313 206 1396 pinguia
224 1335 319 1377 crura
335 1313 415 1389 lut0,
435 1314 549 1396 planta
566 1335 641 1376 mox
658 1314 803 1396 undique
820 1333 940 1395 magna

68 1421 186 1497 calcor,
207 1431 239 1484 et
258 1422 291 1484 in
308 1422 413 1503 digito
431 1421 544 1486 clavus
562 1423 643 1484 mihi
660 1422 775 1484 militis
792 1421 916 1484 haeret.

69 1550 183 1592 nonne
198 1530 292 1593 vides
309 1540 435 1612 quanto
453 1531 640 1594 celebretur
657 1530 805 1612 sportula
821 1505 941 1592 fumol

69 1647 206 1702 centum
224 1639 391 1714 convivae,
411 1639 563 1721 sequitur
580 1659 641 1702 sua
657 1658 822 1721 quemque
839 1637 957 1701 culina.
1066 1658 1113 1710 250

71 1746 216 1809 Corbulo
232 1747 287 1809 vix
303 1747 407 1810 ferret
424 1756 475 1810 tot
491 1767 570 1810 vasa
586 1747 744 1830 ingentia,
764 1755 813 1808 tot
831 1766 885 1808 res

70 1854 233 1936 inpositas
250 1855 359 1937 capiti,
379 1876 461 1937 quas
478 1865 570 1918 recto
586 1856 712 1918 vertice
728 1862 838 1937 portat

70 1963 221 2026 servulus
238 1963 355 2026 infelix
371 1974 404 2026 et
422 1984 522 2027 cursu
538 1963 677 2026 ventilat
695 1965 816 2045 ignem.

71 2071 270 2135 scinduntur
286 2072 423 2135 tunicae
437 2082 547 2135 sartae
564 2072 671 2147 modo,
690 2073 790 2155 longa
808 2081 959 2136 coruscat

71 2199 201 2243 serraco
218 2179 375 2243 veniente
392 2181 493 2256 abies,
511 2191 613 2263 atque
629 2180 734 2243 altera
750 2179 865 2261 pinum
1066 2199 1112 2251 255

71 2287 219 2369 plaustra
235 2289 372 2364 vehunt,
391 2298 518 2365 nutant¹
529 2288 596 2352 alte
613 2288 801 2371 populoque
818 2288 995 2351 minantur.

72 2416 145 2459 nam
165 2397 194 2459 si
209 2396 386 2477 procubuit
403 2397 460 2479 qui
477 2417 555 2460 saxa
574 2397 748 2479 Ligustica
764 2406 873 2477 portat

72 2504 139 2567 axis
157 2513 191 2566 et
208 2524 358 2567 eversum
376 2505 463 2568 fudit
481 2526 581 2587 super
597 2506 731 2587 agmina
748 2514 906 2580 montem,
959 2570 962 2575 ,

73 2611 149 2694 quid
163 2623 315 2694 superest
334 2614 375 2676 de
391 2614 609 2696 corporibus?
634 2614 707 2696 quis
722 2614 878 2699 membra,
893 2614 967 2696 quis
981 2634 1056 2676 ossa

73 2720 222 2783 invenit?
248 2722 407 2785 obtritum
424 2722 516 2805 vulgi
533 2722 619 2804 perit
636 2742 735 2785 omne
753 2723 891 2785 cadaver
1067 2731 1113 2779 260

73 2848 163 2891 more
179 2828 318 2893 animae.
367 2831 486 2893 domus
504 2831 632 2893 interea
648 2851 764 2894 secura
780 2831 919 2912 patellas

73 2935 134 3000 iam
152 2936 240 3000 lavat
258 2938 414 3027 etbucca
429 2939 577 3002 foculum
596 2940 717 3003 excitat
736 2949 769 3002 et
788 2948 884 3002 sonat
902 2940 1012 3002 unctis

73 3045 244 3127 striglibus
261 3056 294 3108 et
312 3046 410 3128 pleno
428 3048 597 3129 componit
615 3047 718 3110 lintea
734 3057 826 3130 guto.

72 3152 153 3216 haec
170 3153 259 3217 inter
274 3174 395 3236 pueros
411 3155 501 3218 varie
517 3165 746 3238 properantur,
765 3166 799 3219 at
816 3156 870 3218 ille

72 3260 136 3325 iam
153 3262 248 3325 sedet
266 3263 300 3324 in
317 3264 387 3345 ripa
403 3272 614 3347 taetrumque
632 3265 782 3327 novicius
799 3265 911 3326 horret
1067 3271 1115 3337 265

72 3371 247 3453 porthmea
263 3391 325 3436 nec
342 3381 453 3455 sperat
471 3373 604 3436 caenosi
621 3373 763 3456 gurgitis
780 3372 906 3458 alnum'

71 3479 189 3543 infelix
205 3480 385 3544 nechabet
403 3501 501 3564 quem
519 3481 667 3564 porrigat
685 3501 741 3543 ore
758 3481 925 3544 trientem.

118 3587 265 3670 Respice
282 3609 371 3653 nunc
388 3589 451 3653 alia
468 3611 506 3654 ac
523 3590 653 3653 diversa
669 3589 817 3671 pericula
833 3589 962 3652 noctis:
