2422 4006
95 301 127 349 82
518 301 721 350 IVVENALIS

96 469 239 543 divitiae,
260 478 411 531 crescant
429 478 466 530 ut
484 489 574 550 opes,
594 478 632 531 ut
649 469 792 532 maxima
808 479 880 533 toto

11 628 14 632 a
95 586 210 640 nostra
227 577 269 639 sit
286 597 362 639 arca
377 576 460 640 f0r0.
510 577 568 639 sed
586 577 677 640 nulla
693 578 827 641 aconita
842 579 1006 643 bibuntur

95 685 272 762 fictilibus;
296 694 378 748 tunc
395 685 451 747 illa
467 686 557 760 time,
577 707 652 749 cum
669 686 789 768 pocula
805 709 934 750 sumes.

95 803 263 875 gemmata
279 802 312 855 et
329 793 398 856 lato
416 793 571 856 Setinum
589 795 717 857 ardebit
736 795 770 857 in
787 816 877 859 auro.

142 903 257 964 Iamne
275 902 378 984 igitur
394 900 507 964 laudas
525 903 613 984 quod
630 903 672 965 de
688 904 896 985 sapientibus
913 905 999 968 alter

95 1011 234 1086 ridebat,
253 1010 409 1092 quotiens
426 1011 468 1072 de
484 1011 598 1073 limine
615 1022 764 1074 moverat
784 1033 886 1075 unum

94 1119 343 1201 protuleratque
360 1119 489 1199 pedem,
509 1119 610 1181 flebat
628 1120 815 1182 contrarius
832 1123 972 1184 auctor?

95 1228 153 1289 sed
170 1227 278 1290 facilis
295 1227 400 1289 cuivis
417 1227 515 1309 rigidi
532 1247 675 1290 censura
692 1228 864 1292 cachinni:
929 1223 932 1231 ’

94 1334 281 1397 mirandum
299 1344 350 1397 est
369 1336 457 1398 unde
474 1335 529 1398 ille
547 1335 652 1399 oculis
670 1337 842 1400 suffecerit
860 1359 962 1401 umor.

94 1452 256 1525 perpetuo
273 1442 343 1506 risu
360 1443 551 1525 pulmonem
569 1444 698 1526 agitare
714 1446 842 1509 solebat

95 1552 319 1626 Democritus
338 1572 538 1633 quamquam
555 1573 623 1615 non
641 1561 754 1615 essent
772 1554 909 1617 urbibus
927 1554 992 1618 illis

93 1668 285 1742 praetextae
301 1661 436 1722 trabeae
452 1661 561 1723 fasces
581 1661 701 1725 lectica
716 1661 872 1726 tribunal.

93 1769 171 1849 quid
189 1768 217 1831 si
234 1768 371 1831 vidisset
389 1778 575 1849 praetorem
594 1769 745 1832 curribus
763 1770 839 1832 altis

93 1887 281 1940 exstantem
301 1886 333 1939 et
351 1876 451 1939 medii
469 1877 647 1940 sublimem
666 1879 802 1958 pulvere
819 1879 899 1942 circi

93 1985 127 2047 in
145 1985 260 2048 tunica
277 1984 366 2048 Iovis
383 1994 417 2047 et
435 1985 544 2066 pictae
563 1985 705 2048 Sarrana
721 1986 888 2049 ferentem

93 2114 134 2156 ex
150 2093 276 2156 umeris
292 2094 407 2156 aulaea
424 2103 523 2175 togae
540 2114 748 2176 magnaeque
766 2114 908 2157 coronae

92 2211 223 2265 tantum
241 2203 355 2264 orbern
373 2211 498 2283 quanto
516 2203 627 2264 cervix
643 2223 711 2264 non
729 2202 851 2266 sufficit
868 2203 958 2266 ulla?

93 2311 215 2392 quippe
232 2319 326 2372 tenet
344 2311 468 2372 sudans
486 2311 571 2373 hanc
588 2310 742 2392 publicus
760 2320 803 2385 et,
824 2311 888 2374 sibi
906 2311 1023 2375 consul

92 2439 135 2481 ne
151 2419 289 2500 placeat,
309 2439 406 2481 curru
425 2439 540 2481 servus
557 2428 710 2500 portatur
726 2421 852 2482 eodem.

92 2527 134 2590 da
151 2548 240 2590 nunc
257 2537 291 2591 et
309 2527 487 2601 volucrem,
507 2536 640 2608 sceptro
658 2548 743 2609 quae
760 2528 866 2610 surgit
884 2528 1021 2603 eburno,

92 2635 182 2698 illinc
200 2635 396 2710 cornicines
415 2636 493 2698 hinc
510 2636 745 2717 praecedentia
762 2636 853 2718 longi

91 2744 234 2826 agminis
252 2744 360 2807 officia
377 2753 411 2806 et
428 2744 543 2807 niveos
560 2745 601 2806 ad
618 2744 714 2807 frena
732 2744 893 2826 Quirites,

91 2853 225 2915 defossa
241 2853 275 2914 in
292 2852 418 2915 loculos
436 2873 518 2933 quos
536 2851 686 2933 sportula
702 2852 783 2916 fecit
801 2853 934 2916 amicos

90 2970 172 3024 tunc
189 2981 320 3043 quoque
337 2961 510 3023 materiam
528 2961 614 3037 risus
632 2961 759 3022 invenit
777 2961 818 3023 ad
835 2961 944 3024 omnis

91 3090 250 3132 occursus
267 3069 450 3145 hominum,
470 3070 564 3133 cuius
582 3070 759 3150 prudentia
776 3078 941 3133 monstrat

91 3199 240 3241 summos
258 3198 356 3260 posse
373 3178 461 3240 viros
479 3187 512 3240 et
530 3198 651 3260 magna
668 3178 819 3259 exempla
834 3179 971 3241 daturos

89 3307 266 3350 vervecum
285 3287 319 3349 in
336 3287 443 3368 patria
460 3307 639 3369 crassoque
657 3287 719 3349 sub
736 3307 813 3349 aere
830 3287 931 3350 nasci.

90 3396 218 3458 ridebat
237 3416 332 3458 curas
350 3416 496 3458 necnon
514 3405 547 3458 et
565 3395 687 3478 gaudia
703 3394 803 3478 vulgi,

90 3504 257 3567 interdurn
275 3513 308 3567 et
326 3504 488 3580 lacrimas,
507 3526 582 3569 cum
601 3506 771 3567 Fortunae
789 3503 861 3585 ipse
878 3504 1001 3567 minaci

90 3615 262 3676 mandaret
280 3614 434 3695 laqueum
451 3613 665 3696 mediumque
682 3613 875 3676 ostenderet
894 3632 1052 3696 unguem.
