2422 4006
102 266 134 314 20
524 264 725 312 lVVENALIS

103 433 245 516 perdidit
264 433 379 495 infelix
394 441 503 494 totmn
521 431 612 495 nihil.
662 432 799 494 ultimus
816 442 928 494 autem

102 560 280 605 aerumnae
288 548 338 603 est
349 540 510 614 cumulus
518 541 607 622 quod
617 540 742 602 nudum
751 549 785 602 et
794 539 903 602 frusta
912 549 1085 623 rogantem
1098 569 1146 604 210

103 670 202 713 nemo
219 649 303 724 cibo,
323 668 421 711 nemo
437 648 584 730 hospitio
600 658 757 730 tectoque
776 649 910 712 iuvabit.

104 759 133 822 si
149 779 269 840 magna
286 756 438 820 Asturici
455 757 574 820 cecidit
591 759 720 832 domus,
739 756 871 820 horrida
887 766 1002 832 mater,

104 866 220 949 pullati
237 886 400 948 proceres,
420 866 531 929 differt
549 865 738 928 vadimonia
754 876 896 948 praetor.

104 985 175 1037 tum
192 975 355 1056 gemimus
373 995 469 1037 casus
488 974 589 1049 urbiS,
609 984 690 1037 tunc
707 973 837 1036 odimus
855 973 976 1056 ignem.

104 1083 198 1145 ardet
215 1083 332 1156 adhuc,
351 1092 384 1144 et
402 1082 466 1144 iam
483 1082 624 1145 accurrit
641 1083 699 1165 qui
716 1101 880 1145 marmora
896 1083 1007 1158 donet,
1100 1100 1147 1152 215

105 1191 255 1254 conferat
273 1190 449 1273 inpensas;
474 1191 527 1255 hic
545 1191 633 1254 nuda
650 1201 682 1254 et
700 1191 840 1253 candida
857 1191 962 1274 signa,

105 1300 159 1363 hic
176 1300 297 1381 aliquid
315 1298 520 1381 praeclarum
539 1299 766 1381 Euphranoris
783 1308 817 1362 et
836 1298 996 1384 Polycliti,

106 1409 187 1472 haec
204 1407 406 1470 Asianorum
423 1416 537 1470 vetera
553 1417 750 1471 ornamenta
766 1408 913 1482 deorum,

106 1517 159 1580 hic
176 1515 279 1579 libros
296 1516 386 1579 dabit
405 1525 438 1578 et
455 1516 582 1579 forulos
599 1516 808 1599 mediamque
826 1497 1022 1590 Minervam,

106 1624 160 1686 hic
178 1624 324 1687 modium
341 1624 482 1706 argenti.
531 1624 667 1687 meliora
683 1644 722 1688 ac
738 1625 832 1707 plura
849 1625 981 1707 reponit
1101 1644 1148 1678 220

107 1732 259 1796 Persicus
276 1733 430 1795 orborum
448 1732 654 1796 lautissimus
671 1745 705 1797 et
724 1735 842 1797 merito
859 1734 924 1797 iam

107 1850 292 1923 suspectus,
312 1850 480 1923 tamquam
499 1841 568 1923 ipse
585 1863 663 1905 suas
681 1843 866 1906 incenderit
883 1843 991 1906 aedes.

106 1949 134 2012 si
152 1960 247 2032 potes
264 1949 361 2012 avelli
378 1950 593 2026 circensibus,
612 1952 738 2033 optima
757 1951 860 2015 Sorae

105 2067 163 2120 aut
182 2057 395 2120 Fabrateriae
412 2060 530 2122 domus
547 2068 603 2122 aut
622 2060 811 2123 Frusinone
828 2070 971 2141 paratur,

106 2165 222 2247 quanti
238 2186 328 2229 nunc
344 2167 500 2230 tenebras
517 2189 620 2230 unum
638 2169 797 2232 conducis
816 2168 849 2230 in
866 2188 1000 2232 annum.
1102 2184 1149 2236 ²25

107 2274 258 2336 hortulus
276 2274 330 2337 hic
347 2283 534 2357 puteusque
551 2276 662 2339 brevis
679 2297 742 2340 nec
760 2285 849 2339 reste
865 2277 1048 2340 movendus

107 2382 139 2443 in
157 2382 268 2445 tenuis
286 2381 416 2464 plantas
433 2383 523 2446 facili
539 2384 738 2447 diffunditur
754 2384 886 2448 haustu.

105 2489 180 2552 vive
196 2489 342 2553 bidentis
359 2511 473 2554 amans
492 2501 524 2554 et
542 2492 624 2555 culti
640 2493 758 2555 vilicus
776 2493 872 2568 horti,

106 2599 195 2662 unde
212 2598 346 2681 epulum
363 2601 473 2681 possis
490 2610 624 2664 centum
642 2602 720 2663 dare
738 2602 966 2685 Pythagoreis.

106 2716 158 2770 est
176 2706 308 2789 aliquid,
327 2728 536 2790 quocumque
553 2709 634 2784 loco,
654 2729 864 2792 quocumque
881 2731 1015 2774 recessu
1104 2729 1152 2780 ²30

106 2815 203 2878 unius
221 2798 296 2878 sese
312 2815 482 2878 dominum
499 2816 620 2880 fecisse
637 2817 789 2882 lacertae.

153 2923 316 3003 Plurimus
333 2923 387 2988 hic
404 2945 503 3006 aeger
520 2926 658 2988 moritur
674 2925 842 3009 vigilando
859 2949 867 3004 ;
892 2930 950 2990 sed
968 2928 1076 3010 ipsum

105 3032 300 3114 languorem
317 3034 445 3115 peperit
464 3033 558 3096 cibus
576 3033 781 3116 inperfectus
799 3045 832 3097 et
850 3035 991 3099 haerens

105 3141 235 3204 ardenti
252 3143 443 3218 stomacho;
469 3163 544 3204 nam
561 3162 647 3224 quae
663 3143 833 3206 meritoria
849 3164 1004 3207 somnum

105 3247 311 3312 admittunt?
337 3251 467 3333 magnis
485 3250 603 3333 opibus
621 3251 784 3315 dormitur
799 3252 834 3314 in
851 3253 942 3316 urbe.
1102 3273 1150 3324 ²35

105 3357 183 3420 inde
201 3367 300 3440 caput
318 3360 432 3424 morbi.
484 3359 656 3423 raedarum
674 3361 836 3424 transitus
853 3371 925 3424 arto

105 3466 253 3530 vicorum
271 3466 395 3531 inflexu
412 3477 446 3531 et
464 3468 585 3532 stantis
603 3469 753 3533 convicia
770 3470 928 3533 mandrae

106 3576 246 3656 eripient
264 3594 417 3639 somnum
437 3578 549 3640 Druso
566 3576 746 3660 vitulisque
763 3579 909 3642 marinis.
