<?xml version="1.0" encoding="UTF-8"?>
<!DOCTYPE html PUBLIC "-//W3C//DTD XHTML 1.0 Transitional//EN"
    "http://www.w3.org/TR/xhtml1/DTD/xhtml1-transitional.dtd">
<html xmlns="http://www.w3.org/1999/xhtml" xml:lang="en" lang="en">
 <head>
  <title>
</title>
<meta http-equiv="Content-Type" content="text/html;charset=utf-8" />
  <meta name='ocr-system' content='tesseract 3.04.00' />
  <meta name='ocr-capabilities' content='ocr_page ocr_carea ocr_par ocr_line ocrx_word'/>
</head>
<body>
  <div class='ocr_page' id='page_1' title='image "./juvenal01wriggoog_0036.png"; bbox 0 0 2422 4006; ppageno 0'>
   <div class='ocr_carea' id='block_1_1' title="bbox 501 303 712 350">
    <p class='ocr_par' dir='ltr' id='par_1_1' title="bbox 501 303 712 350">
     <span class='ocr_line' id='line_1_1' title="bbox 501 303 712 350; baseline -0.005 0"><span class='ocrx_word' id='word_1_1' title='bbox 501 303 648 350; x_wconf 84' lang='lat' dir='ltr'><strong>SATVRA</strong></span> <span class='ocrx_word' id='word_1_2' title='bbox 674 303 712 349; x_wconf 93' lang='lat' dir='ltr'>IV</span> 
     </span>
    </p>
   </div>
   <div class='ocr_carea' id='block_1_2' title="bbox 38 469 1132 3689">
    <p class='ocr_par' dir='ltr' id='par_1_2' title="bbox 79 469 875 552">
     <span class='ocr_line' id='line_1_2' title="bbox 79 469 875 552; baseline 0 -21"><span class='ocrx_word' id='word_1_3' title='bbox 79 470 252 550; x_wconf 84' lang='lat' dir='ltr'>proximus</span> <span class='ocrx_word' id='word_1_4' title='bbox 270 469 420 532; x_wconf 91' lang='lat' dir='ltr'>eiusdem</span> <span class='ocrx_word' id='word_1_5' title='bbox 437 470 635 552; x_wconf 86' lang='lat' dir='ltr'>properabat</span> <span class='ocrx_word' id='word_1_6' title='bbox 653 469 785 532; x_wconf 86' lang='lat' dir='ltr'>Acilius</span> <span class='ocrx_word' id='word_1_7' title='bbox 802 470 875 533; x_wconf 91' lang='lat' dir='ltr'>aevi</span> 
     </span>
    </p>

    <p class='ocr_par' dir='ltr' id='par_1_3' title="bbox 80 578 1130 768">
     <span class='ocr_line' id='line_1_3' title="bbox 80 578 1130 660; baseline -0.001 -20"><span class='ocrx_word' id='word_1_8' title='bbox 80 598 160 640; x_wconf 93' lang='lat' dir='ltr'>curn</span> <span class='ocrx_word' id='word_1_9' title='bbox 178 578 298 645; x_wconf 88' lang='lat' dir='ltr'>iuvene</span> <span class='ocrx_word' id='word_1_10' title='bbox 315 578 452 660; x_wconf 86' lang='lat' dir='ltr'>indigno</span> <span class='ocrx_word' id='word_1_11' title='bbox 469 598 567 660; x_wconf 89' lang='lat' dir='ltr'>quem</span> <span class='ocrx_word' id='word_1_12' title='bbox 586 599 675 641; x_wconf 92' lang='lat' dir='ltr'>mors</span> <span class='ocrx_word' id='word_1_13' title='bbox 692 587 760 641; x_wconf 86' lang='lat' dir='ltr'>tarn</span> <span class='ocrx_word' id='word_1_14' title='bbox 778 599 876 641; x_wconf 93' lang='lat' dir='ltr'>saeva</span> <span class='ocrx_word' id='word_1_15' title='bbox 893 588 1042 641; x_wconf 86' lang='lat' dir='ltr'>maneret</span> <span class='ocrx_word' id='word_1_16' title='bbox 1097 599 1130 651; x_wconf 82' lang='lat'>95</span> 
     </span>
     <span class='ocr_line' id='line_1_4' title="bbox 81 685 899 768; baseline 0.001 -20"><span class='ocrx_word' id='word_1_17' title='bbox 81 695 117 748; x_wconf 92' lang='lat' dir='ltr'>et</span> <span class='ocrx_word' id='word_1_18' title='bbox 135 686 262 749; x_wconf 92' lang='lat' dir='ltr'>domini</span> <span class='ocrx_word' id='word_1_19' title='bbox 278 685 397 768; x_wconf 86' lang='lat' dir='ltr'>gladiis</span> <span class='ocrx_word' id='word_1_20' title='bbox 415 696 483 749; x_wconf 89' lang='lat' dir='ltr'>tam</span> <span class='ocrx_word' id='word_1_21' title='bbox 501 687 679 762; x_wconf 79' lang='lat' dir='ltr'>festinata3</span> <span class='ocrx_word' id='word_1_22' title='bbox 705 688 763 749; x_wconf 93' lang='lat' dir='ltr'>sed</span> <span class='ocrx_word' id='word_1_23' title='bbox 781 687 859 749; x_wconf 94' lang='lat' dir='ltr'>olim</span> <span class='ocrx_word' id='word_1_24' title='bbox 896 704 899 709; x_wconf 85' lang='lat'>·</span> 
     </span>
    </p>

    <p class='ocr_par' dir='ltr' id='par_1_4' title="bbox 81 795 817 877">
     <span class='ocr_line' id='line_1_5' title="bbox 81 795 817 877; baseline 0.004 -21"><span class='ocrx_word' id='word_1_25' title='bbox 81 795 234 877; x_wconf 86' lang='lat' dir='ltr'>prodigio</span> <span class='ocrx_word' id='word_1_26' title='bbox 251 815 311 877; x_wconf 93' lang='lat' dir='ltr'>par</span> <span class='ocrx_word' id='word_1_27' title='bbox 327 805 378 858; x_wconf 94' lang='lat' dir='ltr'>est</span> <span class='ocrx_word' id='word_1_28' title='bbox 397 795 430 857; x_wconf 93' lang='lat' dir='ltr'>in</span> <span class='ocrx_word' id='word_1_29' title='bbox 448 795 623 858; x_wconf 88' lang='lat' dir='ltr'>nobilitate</span> <span class='ocrx_word' id='word_1_30' title='bbox 640 806 817 871; x_wconf 91' lang='lat' dir='ltr'>senectus;</span> 
     </span>
    </p>

    <p class='ocr_par' dir='ltr' id='par_1_5' title="bbox 82 903 896 986">
     <span class='ocr_line' id='line_1_6' title="bbox 82 903 896 986; baseline -0.001 -20"><span class='ocrx_word' id='word_1_31' title='bbox 82 904 173 966; x_wconf 90' lang='lat' dir='ltr'>unde</span> <span class='ocrx_word' id='word_1_32' title='bbox 192 905 228 965; x_wconf 86' lang='lat' dir='ltr'>fit</span> <span class='ocrx_word' id='word_1_33' title='bbox 246 913 282 966; x_wconf 93' lang='lat' dir='ltr'>ut</span> <span class='ocrx_word' id='word_1_34' title='bbox 300 903 412 966; x_wconf 94' lang='lat' dir='ltr'>malim</span> <span class='ocrx_word' id='word_1_35' title='bbox 429 903 630 967; x_wconf 81' lang='lat' dir='ltr'>fraterculus</span> <span class='ocrx_word' id='word_1_36' title='bbox 649 924 722 966; x_wconf 89' lang='lat' dir='ltr'>esse</span> <span class='ocrx_word' id='word_1_37' title='bbox 739 904 896 986; x_wconf 85' lang='lat' dir='ltr'>gigantis.</span> 
     </span>
    </p>

    <p class='ocr_par' dir='ltr' id='par_1_6' title="bbox 38 1011 1130 1418">
     <span class='ocr_line' id='line_1_7' title="bbox 82 1011 981 1096; baseline 0.001 -23"><span class='ocrx_word' id='word_1_38' title='bbox 82 1011 210 1092; x_wconf 81' lang='lat' dir='ltr'>profuit</span> <span class='ocrx_word' id='word_1_39' title='bbox 229 1032 307 1094; x_wconf 86' lang='lat' dir='ltr'>ergo</span> <span class='ocrx_word' id='word_1_40' title='bbox 326 1012 408 1074; x_wconf 91' lang='lat' dir='ltr'>nihil</span> <span class='ocrx_word' id='word_1_41' title='bbox 424 1012 556 1087; x_wconf 87' lang='lat' dir='ltr'>miser0,</span> <span class='ocrx_word' id='word_1_42' title='bbox 575 1013 664 1096; x_wconf 90' lang='lat' dir='ltr'>quod</span> <span class='ocrx_word' id='word_1_43' title='bbox 682 1012 868 1074; x_wconf 92' lang='lat' dir='ltr'>comminus</span> <span class='ocrx_word' id='word_1_44' title='bbox 886 1032 981 1074; x_wconf 90' lang='lat' dir='ltr'>ursos</span> 
     </span>
     <span class='ocr_line' id='line_1_8' title="bbox 82 1119 1130 1200; baseline 0 -18"><span class='ocrx_word' id='word_1_45' title='bbox 82 1120 209 1200; x_wconf 85' lang='lat' dir='ltr'>figebat</span> <span class='ocrx_word' id='word_1_46' title='bbox 228 1119 391 1183; x_wconf 89' lang='lat' dir='ltr'>Numidas</span> <span class='ocrx_word' id='word_1_47' title='bbox 409 1120 542 1183; x_wconf 88' lang='lat' dir='ltr'>Albana</span> <span class='ocrx_word' id='word_1_48' title='bbox 559 1121 669 1183; x_wconf 93' lang='lat' dir='ltr'>nudus</span> <span class='ocrx_word' id='word_1_49' title='bbox 686 1121 811 1183; x_wconf 87' lang='lat' dir='ltr'>harena</span> <span class='ocrx_word' id='word_1_50' title='bbox 1084 1141 1130 1175; x_wconf 91' lang='lat'>100</span> 
     </span>
     <span class='ocr_line' id='line_1_9' title="bbox 38 1227 928 1311; baseline 0.003 -23"><span class='ocrx_word' id='word_1_51' title='bbox 38 1299 40 1304; x_wconf 22' lang='lat'>¹</span> <span class='ocrx_word' id='word_1_52' title='bbox 82 1236 231 1291; x_wconf 90' lang='lat' dir='ltr'>venator.</span> <span class='ocrx_word' id='word_1_53' title='bbox 281 1227 355 1309; x_wconf 93' lang='lat' dir='ltr'>quis</span> <span class='ocrx_word' id='word_1_54' title='bbox 373 1229 461 1290; x_wconf 93' lang='lat' dir='ltr'>enim</span> <span class='ocrx_word' id='word_1_55' title='bbox 480 1229 544 1291; x_wconf 91' lang='lat' dir='ltr'>iam</span> <span class='ocrx_word' id='word_1_56' title='bbox 562 1249 629 1290; x_wconf 93' lang='lat' dir='ltr'>non</span> <span class='ocrx_word' id='word_1_57' title='bbox 647 1228 822 1311; x_wconf 88' lang='lat' dir='ltr'>intellegat</span> <span class='ocrx_word' id='word_1_58' title='bbox 839 1238 928 1291; x_wconf 90' lang='lat' dir='ltr'>artes</span> 
     </span>
     <span class='ocr_line' id='line_1_10' title="bbox 82 1335 950 1418; baseline 0 -21"><span class='ocrx_word' id='word_1_59' title='bbox 82 1335 266 1416; x_wconf 90' lang='lat' dir='ltr'>patricias?</span> <span class='ocrx_word' id='word_1_60' title='bbox 291 1336 364 1417; x_wconf 91' lang='lat' dir='ltr'>quis</span> <span class='ocrx_word' id='word_1_61' title='bbox 381 1337 526 1418; x_wconf 91' lang='lat' dir='ltr'>priscum</span> <span class='ocrx_word' id='word_1_62' title='bbox 545 1336 625 1398; x_wconf 92' lang='lat' dir='ltr'>illud</span> <span class='ocrx_word' id='word_1_63' title='bbox 643 1337 782 1399; x_wconf 91' lang='lat' dir='ltr'>miratur</span> <span class='ocrx_word' id='word_1_64' title='bbox 799 1357 950 1411; x_wconf 88' lang='lat' dir='ltr'>acumen,</span> 
     </span>
    </p>

    <p class='ocr_par' dir='ltr' id='par_1_7' title="bbox 84 1445 960 1527">
     <span class='ocr_line' id='line_1_11' title="bbox 84 1445 960 1527; baseline 0.002 -22"><span class='ocrx_word' id='word_1_65' title='bbox 84 1445 199 1518; x_wconf 88' lang='lat' dir='ltr'>Brute,</span> <span class='ocrx_word' id='word_1_66' title='bbox 219 1445 338 1505; x_wconf 89' lang='lat' dir='ltr'>tuum?</span> <span class='ocrx_word' id='word_1_67' title='bbox 364 1445 462 1507; x_wconf 81' lang='lat' dir='ltr'>facile</span> <span class='ocrx_word' id='word_1_68' title='bbox 480 1457 531 1507; x_wconf 90' lang='lat' dir='ltr'>est</span> <span class='ocrx_word' id='word_1_69' title='bbox 548 1446 686 1508; x_wconf 91' lang='lat' dir='ltr'>barbato</span> <span class='ocrx_word' id='word_1_70' title='bbox 704 1445 863 1527; x_wconf 87' lang='lat' dir='ltr'>inponere</span> <span class='ocrx_word' id='word_1_71' title='bbox 880 1445 960 1526; x_wconf 86' lang='lat' dir='ltr'>regi.</span> 
     </span>
    </p>

    <p class='ocr_par' dir='ltr' id='par_1_8' title="bbox 84 1551 820 1635">
     <span class='ocr_line' id='line_1_12' title="bbox 84 1551 820 1635; baseline 0.003 -22"><span class='ocrx_word' id='word_1_72' title='bbox 84 1571 148 1614; x_wconf 93' lang='lat' dir='ltr'>nec</span> <span class='ocrx_word' id='word_1_73' title='bbox 166 1551 282 1614; x_wconf 90' lang='lat' dir='ltr'>melior</span> <span class='ocrx_word' id='word_1_74' title='bbox 299 1552 393 1614; x_wconf 92' lang='lat' dir='ltr'>vultu</span> <span class='ocrx_word' id='word_1_75' title='bbox 410 1553 562 1635; x_wconf 90' lang='lat' dir='ltr'>quamvis</span> <span class='ocrx_word' id='word_1_76' title='bbox 579 1552 734 1634; x_wconf 88' lang='lat' dir='ltr'>ignobilis</span> <span class='ocrx_word' id='word_1_77' title='bbox 752 1553 820 1615; x_wconf 89' lang='lat' dir='ltr'>ibat</span> 
     </span>
    </p>

    <p class='ocr_par' dir='ltr' id='par_1_9' title="bbox 85 1659 1130 1849">
     <span class='ocr_line' id='line_1_13' title="bbox 86 1659 1130 1743; baseline 0.003 -22"><span class='ocrx_word' id='word_1_78' title='bbox 86 1659 246 1734; x_wconf 77' lang='lat' dir='ltr'>RubriuS,</span> <span class='ocrx_word' id='word_1_79' title='bbox 265 1661 414 1723; x_wconf 86' lang='lat' dir='ltr'>offensae</span> <span class='ocrx_word' id='word_1_80' title='bbox 432 1661 556 1723; x_wconf 91' lang='lat' dir='ltr'>veteris</span> <span class='ocrx_word' id='word_1_81' title='bbox 573 1681 650 1723; x_wconf 90' lang='lat' dir='ltr'>reus</span> <span class='ocrx_word' id='word_1_82' title='bbox 667 1671 768 1743; x_wconf 88' lang='lat' dir='ltr'>atque</span> <span class='ocrx_word' id='word_1_83' title='bbox 784 1660 955 1734; x_wconf 90' lang='lat' dir='ltr'>tacendae,</span> <span class='ocrx_word' id='word_1_84' title='bbox 1085 1688 1130 1740; x_wconf 83' lang='lat'>105</span> 
     </span>
     <span class='ocr_line' id='line_1_14' title="bbox 85 1768 950 1849; baseline 0.002 -21"><span class='ocrx_word' id='word_1_85' title='bbox 85 1776 120 1829; x_wconf 93' lang='lat' dir='ltr'>et</span> <span class='ocrx_word' id='word_1_86' title='bbox 137 1777 250 1830; x_wconf 91' lang='lat' dir='ltr'>tamen</span> <span class='ocrx_word' id='word_1_87' title='bbox 269 1768 438 1849; x_wconf 87' lang='lat' dir='ltr'>inprobior</span> <span class='ocrx_word' id='word_1_88' title='bbox 454 1779 600 1832; x_wconf 92' lang='lat' dir='ltr'>saturam</span> <span class='ocrx_word' id='word_1_89' title='bbox 618 1770 786 1832; x_wconf 87' lang='lat' dir='ltr'>scribente</span> <span class='ocrx_word' id='word_1_90' title='bbox 804 1770 950 1831; x_wconf 81' lang='lat' dir='ltr'>cinaedo</span> 
     </span>
    </p>

    <p class='ocr_par' dir='ltr' id='par_1_10' title="bbox 86 1876 969 1958">
     <span class='ocr_line' id='line_1_15' title="bbox 86 1876 969 1958; baseline 0 -20"><span class='ocrx_word' id='word_1_91' title='bbox 86 1876 242 1939; x_wconf 88' lang='lat' dir='ltr'>Montani</span> <span class='ocrx_word' id='word_1_92' title='bbox 258 1896 390 1958; x_wconf 93' lang='lat' dir='ltr'>quoque</span> <span class='ocrx_word' id='word_1_93' title='bbox 406 1887 524 1939; x_wconf 90' lang='lat' dir='ltr'>venter</span> <span class='ocrx_word' id='word_1_94' title='bbox 540 1877 634 1939; x_wconf 89' lang='lat' dir='ltr'>adest</span> <span class='ocrx_word' id='word_1_95' title='bbox 652 1877 828 1940; x_wconf 88' lang='lat' dir='ltr'>abdomine</span> <span class='ocrx_word' id='word_1_96' title='bbox 845 1877 969 1950; x_wconf 92' lang='lat' dir='ltr'>tardus,</span> 
     </span>
    </p>

    <p class='ocr_par' dir='ltr' id='par_1_11' title="bbox 86 1983 785 2076">
     <span class='ocr_line' id='line_1_16' title="bbox 86 1983 785 2076; baseline 0 -30"><span class='ocrx_word' id='word_1_97' title='bbox 86 1992 120 2046; x_wconf 91' lang='lat' dir='ltr'>et</span> <span class='ocrx_word' id='word_1_98' title='bbox 138 1983 305 2047; x_wconf 88' lang='lat' dir='ltr'>matutino</span> <span class='ocrx_word' id='word_1_99' title='bbox 321 1986 444 2076; x_wconf 80' lang='lat' dir='ltr'>sudans</span> <span class='ocrx_word' id='word_1_100' title='bbox 463 1985 637 2067; x_wconf 86' lang='lat' dir='ltr'>Crispinus</span> <span class='ocrx_word' id='word_1_101' title='bbox 654 1983 785 2047; x_wconf 87' lang='lat' dir='ltr'>amomo</span> 
     </span>
    </p>

    <p class='ocr_par' dir='ltr' id='par_1_12' title="bbox 86 2085 949 2284">
     <span class='ocr_line' id='line_1_17' title="bbox 86 2085 949 2175; baseline -0.001 -20"><span class='ocrx_word' id='word_1_102' title='bbox 86 2103 248 2175; x_wconf 88' lang='lat' dir='ltr'>quantum</span> <span class='ocrx_word' id='word_1_103' title='bbox 265 2092 319 2154; x_wconf 87' lang='lat' dir='ltr'>vix</span> <span class='ocrx_word' id='word_1_104' title='bbox 331 2085 485 2156; x_wconf 64' lang='lat' dir='ltr'>&#39;redolent</span> <span class='ocrx_word' id='word_1_105' title='bbox 502 2095 567 2156; x_wconf 93' lang='lat' dir='ltr'>duo</span> <span class='ocrx_word' id='word_1_106' title='bbox 585 2094 723 2169; x_wconf 78' lang='lat' dir='ltr'>funera3</span> <span class='ocrx_word' id='word_1_107' title='bbox 748 2093 876 2156; x_wconf 90' lang='lat' dir='ltr'>saevior</span> <span class='ocrx_word' id='word_1_108' title='bbox 893 2092 949 2154; x_wconf 94' lang='lat' dir='ltr'>illo</span> 
     </span>
     <span class='ocr_line' id='line_1_18' title="bbox 88 2201 831 2284; baseline 0.003 -22"><span class='ocrx_word' id='word_1_109' title='bbox 88 2201 265 2283; x_wconf 91' lang='lat' dir='ltr'>Pompeius</span> <span class='ocrx_word' id='word_1_110' title='bbox 282 2201 376 2264; x_wconf 93' lang='lat' dir='ltr'>tenui</span> <span class='ocrx_word' id='word_1_111' title='bbox 393 2202 524 2283; x_wconf 88' lang='lat' dir='ltr'>iugulos</span> <span class='ocrx_word' id='word_1_112' title='bbox 541 2202 669 2284; x_wconf 91' lang='lat' dir='ltr'>aperire</span> <span class='ocrx_word' id='word_1_113' title='bbox 686 2222 831 2276; x_wconf 90' lang='lat' dir='ltr'>susurro,</span> 
     </span>
    </p>

    <p class='ocr_par' dir='ltr' id='par_1_13' title="bbox 87 2309 834 2391">
     <span class='ocr_line' id='line_1_19' title="bbox 87 2309 834 2391; baseline 0.001 -20"><span class='ocrx_word' id='word_1_114' title='bbox 87 2318 121 2371; x_wconf 91' lang='lat' dir='ltr'>et</span> <span class='ocrx_word' id='word_1_115' title='bbox 138 2309 196 2391; x_wconf 92' lang='lat' dir='ltr'>qui</span> <span class='ocrx_word' id='word_1_116' title='bbox 212 2309 400 2373; x_wconf 91' lang='lat' dir='ltr'>vulturibus</span> <span class='ocrx_word' id='word_1_117' title='bbox 418 2312 570 2374; x_wconf 89' lang='lat' dir='ltr'>servabat</span> <span class='ocrx_word' id='word_1_118' title='bbox 587 2310 715 2373; x_wconf 90' lang='lat' dir='ltr'>viscera</span> <span class='ocrx_word' id='word_1_119' title='bbox 732 2311 834 2373; x_wconf 90' lang='lat' dir='ltr'>Dacis</span> 
     </span>
    </p>

    <p class='ocr_par' dir='ltr' id='par_1_14' title="bbox 89 2417 873 2500">
     <span class='ocr_line' id='line_1_20' title="bbox 89 2417 873 2500; baseline 0.003 -21"><span class='ocrx_word' id='word_1_120' title='bbox 89 2417 229 2492; x_wconf 89' lang='lat' dir='ltr'>Fuscus,</span> <span class='ocrx_word' id='word_1_121' title='bbox 248 2438 432 2481; x_wconf 92' lang='lat' dir='ltr'>marmorea</span> <span class='ocrx_word' id='word_1_122' title='bbox 448 2419 630 2481; x_wconf 88' lang='lat' dir='ltr'>meditatus</span> <span class='ocrx_word' id='word_1_123' title='bbox 648 2418 772 2500; x_wconf 90' lang='lat' dir='ltr'>proelia</span> <span class='ocrx_word' id='word_1_124' title='bbox 788 2418 873 2492; x_wconf 89' lang='lat' dir='ltr'>villa,</span> 
     </span>
    </p>

    <p class='ocr_par' dir='ltr' id='par_1_15' title="bbox 87 2526 889 2608">
     <span class='ocr_line' id='line_1_21' title="bbox 87 2526 889 2608; baseline 0 -20"><span class='ocrx_word' id='word_1_125' title='bbox 87 2533 122 2588; x_wconf 91' lang='lat' dir='ltr'>et</span> <span class='ocrx_word' id='word_1_126' title='bbox 139 2546 215 2589; x_wconf 93' lang='lat' dir='ltr'>cum</span> <span class='ocrx_word' id='word_1_127' title='bbox 233 2526 403 2589; x_wconf 84' lang='lat' dir='ltr'>mortifero</span> <span class='ocrx_word' id='word_1_128' title='bbox 420 2528 567 2608; x_wconf 90' lang='lat' dir='ltr'>prudens</span> <span class='ocrx_word' id='word_1_129' title='bbox 584 2526 730 2589; x_wconf 88' lang='lat' dir='ltr'>Veiento</span> <span class='ocrx_word' id='word_1_130' title='bbox 748 2526 889 2600; x_wconf 88' lang='lat' dir='ltr'>Catullo,</span> 
     </span>
    </p>

    <p class='ocr_par' dir='ltr' id='par_1_16' title="bbox 88 2634 912 2717">
     <span class='ocr_line' id='line_1_22' title="bbox 88 2634 912 2717; baseline 0.001 -21"><span class='ocrx_word' id='word_1_131' title='bbox 88 2634 144 2715; x_wconf 94' lang='lat' dir='ltr'>qui</span> <span class='ocrx_word' id='word_1_132' title='bbox 161 2654 341 2715; x_wconf 92' lang='lat' dir='ltr'>numquam</span> <span class='ocrx_word' id='word_1_133' title='bbox 359 2634 449 2697; x_wconf 90' lang='lat' dir='ltr'>visae</span> <span class='ocrx_word' id='word_1_134' title='bbox 466 2635 627 2716; x_wconf 86' lang='lat' dir='ltr'>flagrabat</span> <span class='ocrx_word' id='word_1_135' title='bbox 645 2655 757 2697; x_wconf 93' lang='lat' dir='ltr'>amore</span> <span class='ocrx_word' id='word_1_136' title='bbox 773 2634 912 2717; x_wconf 90' lang='lat' dir='ltr'>puellae,</span> 
     </span>
    </p>

    <p class='ocr_par' dir='ltr' id='par_1_17' title="bbox 80 2742 1132 3041">
     <span class='ocr_line' id='line_1_23' title="bbox 89 2742 1118 2824; baseline 0.001 -22"><span class='ocrx_word' id='word_1_137' title='bbox 89 2742 215 2823; x_wconf 87' lang='lat' dir='ltr'>grande</span> <span class='ocrx_word' id='word_1_138' title='bbox 232 2751 266 2804; x_wconf 93' lang='lat' dir='ltr'>et</span> <span class='ocrx_word' id='word_1_139' title='bbox 283 2742 498 2822; x_wconf 91' lang='lat' dir='ltr'>conspicuum</span> <span class='ocrx_word' id='word_1_140' title='bbox 524 2752 639 2805; x_wconf 92' lang='lat' dir='ltr'>nostro</span> <span class='ocrx_word' id='word_1_141' title='bbox 656 2762 787 2824; x_wconf 90' lang='lat' dir='ltr'>quoque</span> <span class='ocrx_word' id='word_1_142' title='bbox 810 2752 961 2823; x_wconf 90' lang='lat' dir='ltr'>tempore</span> <span class='ocrx_word' id='word_1_143' title='bbox 985 2763 1074 2805; x_wconf 90' lang='lat' dir='ltr'>mon·</span> <span class='ocrx_word' id='word_1_144' title='bbox 1116 2815 1118 2820; x_wconf 68' lang='lat'>,</span> 
     </span>
     <span class='ocr_line' id='line_1_24' title="bbox 80 2858 1132 2924; baseline -0.008 -12"><span class='ocrx_word' id='word_1_145' title='bbox 80 2858 82 2867; x_wconf 92' lang='lat'>&#39;</span> <span class='ocrx_word' id='word_1_146' title='bbox 180 2858 296 2924; x_wconf 88' lang='lat' dir='ltr'>strum,</span> <span class='ocrx_word' id='word_1_147' title='bbox 1086 2871 1132 2923; x_wconf 79' lang='lat'>115</span> 
     </span>
     <span class='ocr_line' id='line_1_25' title="bbox 91 2957 866 3041; baseline 0 -21"><span class='ocrx_word' id='word_1_148' title='bbox 91 2977 207 3021; x_wconf 92' lang='lat' dir='ltr'>caecus</span> <span class='ocrx_word' id='word_1_149' title='bbox 224 2957 376 3021; x_wconf 91' lang='lat' dir='ltr'>adulator</span> <span class='ocrx_word' id='word_1_150' title='bbox 392 2958 551 3041; x_wconf 91' lang='lat' dir='ltr'>dirusque</span> <span class='ocrx_word' id='word_1_151' title='bbox 567 2980 587 3022; x_wconf 98' lang='lat' dir='ltr'>a</span> <span class='ocrx_word' id='word_1_152' title='bbox 603 2969 705 3040; x_wconf 90' lang='lat' dir='ltr'>ponte</span> <span class='ocrx_word' id='word_1_153' title='bbox 723 2958 866 3033; x_wconf 89' lang='lat' dir='ltr'>satelles,</span> 
     </span>
    </p>

    <p class='ocr_par' dir='ltr' id='par_1_18' title="bbox 90 3065 833 3149">
     <span class='ocr_line' id='line_1_26' title="bbox 90 3065 833 3149; baseline 0.001 -21"><span class='ocrx_word' id='word_1_154' title='bbox 90 3066 210 3148; x_wconf 88' lang='lat' dir='ltr'>dignus</span> <span class='ocrx_word' id='word_1_155' title='bbox 227 3065 385 3129; x_wconf 90' lang='lat' dir='ltr'>Aricinos</span> <span class='ocrx_word' id='word_1_156' title='bbox 402 3067 680 3149; x_wconf 16' lang='lat' dir='ltr'>qui-mendicaret</span> <span class='ocrx_word' id='word_1_157' title='bbox 697 3068 737 3129; x_wconf 93' lang='lat' dir='ltr'>ad</span> <span class='ocrx_word' id='word_1_158' title='bbox 756 3087 833 3129; x_wconf 86' lang='lat' dir='ltr'>axes</span> 
     </span>
    </p>

    <p class='ocr_par' dir='ltr' id='par_1_19' title="bbox 91 3173 844 3257">
     <span class='ocr_line' id='line_1_27' title="bbox 91 3173 844 3257; baseline 0.001 -20"><span class='ocrx_word' id='word_1_159' title='bbox 91 3173 275 3257; x_wconf 88' lang='lat' dir='ltr'>blandaque</span> <span class='ocrx_word' id='word_1_160' title='bbox 291 3177 435 3239; x_wconf 87' lang='lat' dir='ltr'>devexae</span> <span class='ocrx_word' id='word_1_161' title='bbox 452 3175 591 3238; x_wconf 89' lang='lat' dir='ltr'>iactaret</span> <span class='ocrx_word' id='word_1_162' title='bbox 609 3176 700 3238; x_wconf 93' lang='lat' dir='ltr'>basia</span> <span class='ocrx_word' id='word_1_163' title='bbox 717 3177 844 3238; x_wconf 89' lang='lat' dir='ltr'>raedae.</span> 
     </span>
    </p>

    <p class='ocr_par' dir='ltr' id='par_1_20' title="bbox 92 3282 1030 3366">
     <span class='ocr_line' id='line_1_28' title="bbox 92 3282 1030 3366; baseline 0.002 -23"><span class='ocrx_word' id='word_1_164' title='bbox 92 3301 186 3346; x_wconf 92' lang='lat' dir='ltr'>nemo</span> <span class='ocrx_word' id='word_1_165' title='bbox 203 3283 310 3366; x_wconf 87' lang='lat' dir='ltr'>magis</span> <span class='ocrx_word' id='word_1_166' title='bbox 327 3283 503 3345; x_wconf 92' lang='lat' dir='ltr'>rhombum</span> <span class='ocrx_word' id='word_1_167' title='bbox 521 3283 670 3365; x_wconf 81' lang='lat' dir='ltr'>stupuit3</span> <span class='ocrx_word' id='word_1_168' title='bbox 695 3304 771 3345; x_wconf 94' lang='lat' dir='ltr'>nam</span> <span class='ocrx_word' id='word_1_169' title='bbox 790 3282 932 3364; x_wconf 91' lang='lat' dir='ltr'>plurima</span> <span class='ocrx_word' id='word_1_170' title='bbox 948 3283 1030 3346; x_wconf 89' lang='lat' dir='ltr'>dixit</span> 
     </span>
    </p>

    <p class='ocr_par' dir='ltr' id='par_1_21' title="bbox 38 3388 1132 3581">
     <span class='ocr_line' id='line_1_29' title="bbox 93 3388 1132 3466; baseline 0.004 -17"><span class='ocrx_word' id='word_1_171' title='bbox 93 3388 123 3452; x_wconf 91' lang='lat' dir='ltr'>in</span> <span class='ocrx_word' id='word_1_172' title='bbox 140 3390 270 3454; x_wconf 94' lang='lat' dir='ltr'>laevum</span> <span class='ocrx_word' id='word_1_173' title='bbox 288 3411 480 3466; x_wconf 90' lang='lat' dir='ltr'>conversus,</span> <span class='ocrx_word' id='word_1_174' title='bbox 498 3400 532 3453; x_wconf 93' lang='lat' dir='ltr'>at</span> <span class='ocrx_word' id='word_1_175' title='bbox 550 3390 597 3453; x_wconf 95' lang='lat' dir='ltr'>illi</span> <span class='ocrx_word' id='word_1_176' title='bbox 614 3392 730 3454; x_wconf 89' lang='lat' dir='ltr'>dextra</span> <span class='ocrx_word' id='word_1_177' title='bbox 748 3392 876 3454; x_wconf 86' lang='lat' dir='ltr'>iacebat</span> <span class='ocrx_word' id='word_1_178' title='bbox 1086 3412 1132 3447; x_wconf 90' lang='lat'>120</span> 
     </span>
     <span class='ocr_line' id='line_1_30' title="bbox 38 3496 900 3581; baseline 0.003 -21"><span class='ocrx_word' id='word_1_179' title='bbox 38 3524 41 3533; x_wconf 92' lang='lat'><em>·</em></span> <span class='ocrx_word' id='word_1_180' title='bbox 93 3496 194 3563; x_wconf 89' lang='lat' dir='ltr'>belua.</span> <span class='ocrx_word' id='word_1_181' title='bbox 244 3499 292 3562; x_wconf 93' lang='lat' dir='ltr'>sic</span> <span class='ocrx_word' id='word_1_182' title='bbox 309 3520 439 3581; x_wconf 88' lang='lat' dir='ltr'>pugnas</span> <span class='ocrx_word' id='word_1_183' title='bbox 458 3498 572 3563; x_wconf 91' lang='lat' dir='ltr'>Cilicis</span> <span class='ocrx_word' id='word_1_184' title='bbox 588 3499 744 3562; x_wconf 87' lang='lat' dir='ltr'>laudabat</span> <span class='ocrx_word' id='word_1_185' title='bbox 763 3509 796 3562; x_wconf 91' lang='lat' dir='ltr'>et</span> <span class='ocrx_word' id='word_1_186' title='bbox 814 3499 900 3563; x_wconf 90' lang='lat' dir='ltr'>ictus</span> 
     </span>
    </p>

    <p class='ocr_par' dir='ltr' id='par_1_22' title="bbox 95 3607 877 3689">
     <span class='ocr_line' id='line_1_31' title="bbox 95 3607 877 3689; baseline 0.006 -23"><span class='ocrx_word' id='word_1_187' title='bbox 95 3614 123 3668; x_wconf 92' lang='lat' dir='ltr'>et</span> <span class='ocrx_word' id='word_1_188' title='bbox 140 3628 259 3689; x_wconf 88' lang='lat' dir='ltr'>pegma</span> <span class='ocrx_word' id='word_1_189' title='bbox 276 3616 310 3670; x_wconf 91' lang='lat' dir='ltr'>et</span> <span class='ocrx_word' id='word_1_190' title='bbox 328 3627 448 3688; x_wconf 90' lang='lat' dir='ltr'>pueros</span> <span class='ocrx_word' id='word_1_191' title='bbox 465 3607 542 3670; x_wconf 92' lang='lat' dir='ltr'>inde</span> <span class='ocrx_word' id='word_1_192' title='bbox 559 3607 600 3669; x_wconf 94' lang='lat' dir='ltr'>ad</span> <span class='ocrx_word' id='word_1_193' title='bbox 617 3607 739 3670; x_wconf 91' lang='lat' dir='ltr'>velaria</span> <span class='ocrx_word' id='word_1_194' title='bbox 756 3618 877 3688; x_wconf 79' lang='lat' dir='ltr'>raptos,</span> 
     </span>
    </p>
   </div>
   <div class='ocr_carea' id='block_1_3' title="bbox 0 0 1234 4006">
    <p class='ocr_par' dir='ltr' id='par_1_23' title="bbox 0 0 1234 4006">
     <span class='ocr_line' id='line_1_32' title="bbox 0 0 1234 4006; baseline 0 0"><span class='ocrx_word' id='word_1_195' title='bbox 0 0 1234 4006; x_wconf 95' lang='lat' dir='ltr'> </span> 
     </span>
    </p>
   </div>
  </div>
 </body>
</html>
