2422 4006
488 272 635 322 SATVRA
660 273 727 321 XIV
1084 270 1128 320 121

78 441 197 505 nullus
214 442 304 504 enirn
316 441 430 522 magni
443 439 579 503 sceleris
593 440 695 503 labor.
747 453 765 478 ‘⁶
777 440 859 503 haec
873 459 936 521 ego
949 459 1130 520 numquam

80 550 239 613 mandavi
250 548 268 571 ”
295 549 386 612 dices
404 548 482 611 olim
503 561 521 587 ‘⁶
532 568 595 611 nec
613 547 692 611 talia
708 547 830 612 suasi.”
1084 576 1131 628 225

81 659 208 720 mentis
226 678 326 721 causa
342 657 448 720 malae
465 667 577 719 tamen
596 666 647 719 est
665 666 698 719 et
716 656 810 738 origo
827 676 931 738 penes
949 666 991 719 te.

83 788 163 829 nam
181 765 330 848 quisquis
347 766 461 846 magni
477 785 599 828 census
615 765 784 846 praecepit
801 785 957 839 amorem,

84 884 120 937 et
137 874 231 937 laevo
247 873 378 939 monitu
396 893 516 954 pueros
534 873 686 954 producit
704 893 829 947 avaros

86 994 120 1045 et
138 983 194 1065 qui
211 1003 270 1064 per
285 983 422 1045 fraudes
439 981 638 1063 patrimonia
656 981 889 1062 conduplicari,

86 1093 143 1153 dat
160 1091 350 1154 libertatem
368 1101 400 1153 et
419 1100 507 1154 totas
526 1090 668 1152 effundit
685 1089 832 1152 habenas
1084 1118 1132 1168 230

87 1199 261 1274 curriculo,
280 1220 378 1281 quem
397 1199 425 1261 si
443 1218 588 1272 revoces,
608 1197 792 1260 subsistere
809 1196 917 1260 nescit

88 1316 121 1370 et
139 1318 174 1370 te
191 1317 384 1388 contempto
401 1307 526 1387 rapitur
542 1306 710 1387 metisque
727 1305 862 1368 relictis.

88 1436 186 1479 nemo
204 1417 284 1478 satis
302 1416 405 1478 credit
423 1424 553 1478 tantum
571 1415 766 1497 delinquere
783 1424 945 1496 quantum

89 1525 283 1605 permittas;
308 1525 392 1586 adeo
409 1524 584 1605 indulgent
602 1523 665 1586 sibi
682 1523 783 1586 latius
800 1523 872 1603 ipsi.

89 1652 164 1696 cum
181 1632 264 1695 dicis
282 1614 392 1694 iuveni
410 1632 549 1695 stultum
568 1632 624 1714 qui
641 1633 744 1694 donet
761 1632 877 1706 amic0,
1085 1660 1131 1710 ²35

90 1741 145 1822 qui
160 1749 392 1822 paupertatem
410 1740 498 1803 levet
515 1740 713 1822 attollatque
729 1740 916 1822 propinqui,

91 1858 122 1911 et
140 1848 282 1930 spoliare
299 1850 400 1911 doces
418 1858 451 1911 et
469 1849 744 1912 circumscribere
761 1858 795 1912 et
812 1849 903 1912 omni
988 1869 990 1873 ⁴

90 1957 227 2020 crimine
243 1957 377 2020 divitias
395 1957 579 2039 adquirere,
598 1979 736 2040 quarum
755 1978 848 2020 amor
865 1957 898 2019 in
916 1967 950 2020 te

91 2076 234 2148 quantus
252 2075 322 2128 erat
340 2065 466 2146 patriae
485 2066 665 2128 Deciorum
684 2066 717 2127 in
734 2075 878 2147 pectore,
898 2075 1058 2148 quantum

90 2174 204 2236 dilexit
222 2174 367 2248 Thebas,
387 2174 415 2236 si
432 2174 573 2236 Graecia
589 2194 675 2248 vera,
695 2175 909 2246 Menoeceus,
1086 2201 1134 2248 240

90 2282 123 2343 in
141 2302 281 2364 quorum
299 2282 400 2345 sulcis
417 2282 568 2363 legiones
584 2282 742 2345 dentibus
758 2282 877 2364 anguis

91 2410 165 2452 cum
183 2389 299 2471 clipeis
317 2399 501 2452 nascuntur
518 2400 552 2452 et
569 2390 703 2452 horrida
719 2390 806 2452 bella
822 2400 1000 2471 capessunt

91 2498 260 2572 continuo,
278 2507 454 2579 tamquam*
466 2508 500 2560 et
518 2498 655 2560 tubicen
672 2498 852 2560 surrexerit
870 2519 945 2561 una.

91 2626 169 2688 ergo
188 2607 309 2688 ignem,
329 2607 423 2669 cuius
441 2605 604 2669 scintillas
622 2606 693 2687 ipse
710 2607 843 2681 dedisti,
877 2578 884 2595 Ι

91 2714 287 2796 flagrantem
304 2714 371 2777 late
389 2723 422 2777 et
440 2714 624 2795 rapientem
642 2723 765 2777 cuncta
780 2715 918 2777 videbis.
1087 2741 1134 2793 ²45

91 2842 153 2885 nec
170 2823 232 2885 tibi
248 2833 404 2903 parcetur
421 2824 552 2897 misero,
572 2823 806 2904 trepidumque
824 2823 1019 2904 magistrum

92 2930 125 2992 in
142 2951 243 2994 cavea
261 2951 383 3012 magno
400 2931 537 2993 fremitu
555 2931 606 2992 leo
624 2932 719 2993 tollet
736 2931 900 2997 alumnus,

91 3047 172 3102 nota
188 3040 433 3102 mathematicis
451 3040 587 3124 genesis
605 3049 671 3113 tua,
691 3040 750 3101 sed
767 3060 869 3121 grave
886 3039 997 3101 tardas

92 3158 287 3227 exspectare
304 3148 416 3225 colus3
441 3148 593 3235 morieris
611 3148 754 3210 stamine
771 3148 918 3209 nondum

91 3256 242 3336 abrupto,
292 3257 356 3318 iam
374 3277 464 3319 nunc
481 3257 594 3318 obstas
613 3265 646 3318 et
664 3266 741 3317 vota
758 3256 905 3330 moraris,
1089 3274 1136 3326 250

93 3364 155 3426 iam
173 3375 307 3446 torquet
327 3365 482 3427 iuvenem
499 3365 600 3446 longa
616 3373 649 3427 et
668 3364 802 3428 cervina
819 3373 984 3427 senectus.

92 3473 183 3536 ocius
201 3474 420 3555 Archigenen
438 3493 560 3556 quaere
577 3483 678 3554 atque
696 3494 770 3536 eme
787 3474 875 3555 quod
895 3472 1109 3534 Mithridates

92 3582 278 3662 composuit
293 3603 299 3657 ;
325 3583 353 3643 si
371 3581 420 3644 vis
437 3581 533 3643 aliam
553 3582 731 3661 decerpere
749 3581 848 3643 ficum
