2422 4006
84 299 118 348 42
509 250 713 346 IVVENALIb

87 467 116 530 si
132 466 195 530 tibi
211 465 408 547 simplicitas
426 466 549 540 uxoria,
568 466 700 528 deditus
719 466 776 528 uni
812 453 826 520 ,'

86 584 138 638 est
155 575 294 649 animus,
314 574 488 637 summitte
505 582 605 656 caput
623 573 752 637 cervice
769 583 886 656 parata

85 683 173 746 ferre
189 683 313 765 iugum.
363 682 487 745 nullam
505 681 655 745 invenies
672 702 756 765 quae
773 693 888 764 parcat
906 683 1049 759 amanti;

85 792 200 855 ardeat
218 792 289 873 ipsa
305 790 393 865 licet,
412 790 591 854 tormentis
608 792 732 872 gaudet
749 791 893 854 amantis
1125 876 1127 880 Ι

86 909 120 962 et
137 899 272 982 spoliis;
297 899 400 981 igitur
416 899 517 981 longe
534 898 645 962 minus
663 899 755 962 utilis
772 898 819 961 illi
1078 922 1115 958 210

86 1028 175 1083 uxor,
195 1007 343 1090 quisquis
361 1007 423 1069 erit
441 1009 549 1070 bonus
567 1008 803 1090 optandusque
820 1008 971 1072 maritus,

85 1116 131 1178 nil
148 1137 304 1199 umquam
322 1116 426 1179 invita
442 1116 582 1179 donabis
600 1116 752 1198 coniuge,
770 1117 897 1179 vendes

86 1225 147 1288 hac
164 1233 322 1306 opstante
339 1224 432 1299 nihil,
452 1223 535 1287 nihil
552 1224 634 1287 haec
652 1225 680 1287 si
696 1225 788 1287 nolet
806 1233 946 1289 emetur.

86 1334 169 1397 haec
186 1333 278 1396 dabit
296 1333 449 1407 affectus
469 1332 523 1395 ille
541 1333 735 1395 excludatur
752 1333 879 1396 amicus

86 1442 150 1505 iam
168 1442 288 1517 senior,
307 1441 402 1504 cuius
420 1441 556 1504 barbam
574 1451 633 1504 tua
650 1441 748 1504 ianua
762 1441 856 1506 vidit.

85 1550 233 1613 testandi
249 1571 325 1614 cum
343 1549 386 1612 sit
404 1549 582 1612 lenonibus
598 1559 699 1632 atque
715 1549 847 1613 lanistis

85 1657 223 1722 libertas
241 1667 274 1721 et
292 1658 373 1721 iuris
390 1658 479 1721 idem
496 1658 670 1740 contingat
689 1658 843 1732 harenae,

86 1788 152 1830 non
169 1788 256 1830 unus
273 1767 335 1829 tibi
353 1766 465 1851 rivalis
481 1765 665 1829 dictabitur
681 1766 789 1830 heres.

86 1887 192 1957 ‘pone
209 1895 341 1938 crucem
359 1873 474 1938 servo'
527 1874 666 1937 ‘meruit
683 1896 749 1956 quo
766 1874 905 1938 crimine
922 1895 1038 1939 servus

86 1983 307 2064 supplicium?
336 1983 411 2066 quis
428 1983 525 2044 testis
542 1983 661 2045 adest?
690 1983 764 2064 quis
781 1983 924 2045 detulit?
953 1984 1030 2046 audi
1046 2005 1053 2060 ;
1080 2001 1119 2038 ²²0

85 2092 175 2154 nulla
192 2112 347 2173 umquam
366 2092 407 2153 de
424 2100 531 2153 morte
548 2091 693 2153 hominis
711 2091 881 2154 cunctatio
898 2091 1000 2173 longa
1016 2090 1086 2154 est.’

87 2214 124 2262 ‘o
141 2201 289 2274 demens,
308 2201 356 2263 ita
372 2220 488 2262 servus
506 2200 605 2262 homo
622 2200 698 2261 est?
732 2199 778 2261 nil
795 2199 924 2273 fecerit,
944 2209 1038 2263 esto:

84 2309 147 2371 hoc
163 2308 247 2381 volo,
264 2308 311 2371 sic
329 2308 436 2382 iube0,
452 2307 495 2369 sit
512 2328 572 2388 pro
590 2307 719 2383 ratione
736 2305 912 2370 voluntas’

84 2417 225 2498 imperat
243 2436 322 2498 ergo
339 2416 418 2480 viro,
470 2417 527 2478 sed
545 2436 622 2477 mox
639 2416 722 2478 haec
739 2436 843 2497 regna
859 2414 1016 2497 relinquit

83 2534 319 2607 permutatque
335 2525 450 2586 domos
469 2534 501 2586 et
519 2524 672 2587 flammea
689 2524 841 2598 conterit,
862 2507 957 2586 inde'
1046 2518 1048 2523 ’
1079 2541 1119 2592 ²25

83 2633 191 2697 avolat
209 2643 242 2696 et
261 2633 366 2714 spreti
383 2632 505 2714 repetit
523 2632 667 2713 vestigia
684 2632 781 2707 lecti;

83 2751 216 2804 ornatas
234 2740 331 2823 paulo
349 2750 427 2803 ante
443 2741 544 2815 iores,
563 2741 746 2822 pendentia
762 2740 883 2822 linquit

82 2850 155 2912 vela
172 2851 291 2913 domus
309 2859 342 2912 et
361 2849 469 2911 adhuc
485 2849 607 2910 virides
626 2849 658 2910 in
676 2848 791 2910 limine
808 2868 927 2912 ramos¹

82 2959 268 3021 siccrescit
286 2977 454 3031 numerus
474 2957 520 3018 sic
539 2957 622 3018 liunt
640 2965 717 3020 octo
735 2956 845 3018 mariti

81 3067 229 3148 quinque
246 3087 305 3147 per
322 3075 509 3138 autumnos,
528 3064 626 3126 titulo
643 3085 697 3127 res
714 3065 815 3146 digna
832 3064 984 3145 sepulcri.
1079 3084 1122 3135 230

128 3174 347 3256 Desperanda
364 3173 424 3235 tibi
442 3173 532 3235 salva
549 3173 726 3235 concordia
742 3193 848 3235 socru.

82 3283 138 3346 illa
154 3284 252 3346 docet
270 3281 385 3364 spoliis
403 3282 483 3343 nudi
501 3282 646 3362 gaudere
663 3281 782 3354 mariti,

81 3391 135 3453 illa
152 3392 249 3454 docet
267 3390 379 3453 missis
397 3410 416 3452 a
433 3399 626 3470 corruptore
643 3388 775 3452 tabellis

80 3500 126 3562 nil
144 3501 226 3562 rude
242 3519 305 3562 nec
322 3498 463 3579 simplex
480 3498 673 3572 rescribere,
692 3497 816 3578 decipit
835 3497 891 3560 illa

80 3611 236 3671 custodes
253 3617 310 3670 aut
328 3627 404 3670 aere
421 3608 541 3669 domat.
592 3617 672 3670 tunc
690 3627 825 3686 corpore
842 3627 923 3668 sano
1078 3625 1122 3678 ²35
