2422 4006
463 303 609 353 SATVRA
636 303 701 351 XIV

50 492 127 535 non
145 492 233 535 unus
249 481 381 536 mentes
397 450 503 555 agitat
520 472 620 536 furor.
670 471 726 535 ille
743 471 866 535 sororis

52 581 93 643 in
112 579 268 644 manibus
284 580 379 644 vultu
397 581 623 644 Eumenidum
641 588 786 643 terretur
803 588 836 642 et
854 579 933 661 igni,

52 688 116 752 hic
133 690 219 752 bove
235 709 394 770 percusso
411 688 541 771 mugire
558 688 817 770 Agamemnona
833 687 938 750 credit

53 806 118 861 aut
136 797 310 861 Ithacum:
333 806 448 879 parcat
466 797 589 861 tunicis
606 797 683 860 licet
700 806 801 878 atque
817 794 968 869 lacernis,

55 905 223 970 curatoris
240 915 317 988 eget
334 905 391 988 qui
407 925 527 969 navem
545 905 712 969 mercibus
730 903 846 986 implet

55 1015 103 1078 ad
119 1034 284 1076 summum
302 1013 388 1076 latus
405 1024 437 1077 et
454 1014 566 1077 tabula
582 1011 795 1095 distinguitur
811 1013 906 1085 unda,

42 1120 137 1186 ‘cum
155 1122 196 1185 sit
214 1141 312 1185 causa
327 1122 404 1184 mali
419 1123 504 1184 tanti
521 1133 554 1186 et
571 1120 767 1185 discriminis
784 1119 881 1183 huius

59 1229 230 1294 concisum
247 1241 421 1312 argentum
439 1230 472 1292 in
488 1230 602 1293 titulos
620 1229 789 1312 faciesque
804 1227 957 1291 minutas.

58 1349 238 1402 occurrunt
256 1339 361 1402 nubes
378 1349 411 1402 et
428 1339 579 1420 fulgura:
606 1338 741 1400 ‘solvite
757 1338 869 1401 funem
883 1336 889 1358 '

59 1445 221 1509 frumenti
237 1445 389 1509 dominus
408 1446 525 1509 clamat
542 1445 705 1527 piperisve
722 1444 874 1527 coempti,

63 1554 128 1617 ‘nil
146 1555 234 1618 color
249 1554 303 1617 hic
321 1554 410 1630 caeli,
428 1553 473 1616 nil
489 1555 592 1617 fascia
607 1555 701 1636 nigra
718 1553 881 1630 minatur,

63 1664 224 1726 aestivum
240 1664 353 1726 tonat'
402 1661 515 1726 infelix
531 1663 592 1726 hac
608 1661 746 1725 forsitan
764 1663 835 1744 ipsa

64 1781 163 1834 nocte
180 1773 274 1834 cadet
290 1769 405 1834 fractis
420 1772 569 1835 trabibus
586 1770 755 1854 fluctuque
770 1781 939 1851 premetur

65 1879 202 1942 obrutus
219 1888 252 1942 et
268 1899 384 1943 zonam
401 1879 491 1942 laeva
507 1900 685 1961 morsuque
701 1878 837 1942 tenebit.

67 1989 124 2050 sed
141 1987 233 2050 cuius
249 1987 335 2051 votis
351 1989 449 2051 modo
466 2009 531 2051 non
549 1989 726 2052 suffecerat
743 2009 858 2052 aurum

66 2097 154 2178 quod
168 2096 282 2179 Tagus
298 2106 331 2159 et
349 2096 446 2159 rutila
462 2097 561 2160 volvit
580 2096 733 2160 Pactolus
750 2097 881 2170 harena,

67 2202 184 2286 frigida
200 2203 363 2268 sufficient
381 2205 520 2268 velantia
537 2205 671 2287 inguina
686 2204 786 2286 panni

67 2313 269 2394 exiguusque
285 2313 387 2388 cibuS,
406 2333 512 2376 mersa
529 2324 599 2376 rate
615 2313 794 2395 naufragus
811 2332 918 2375 assem

66 2420 143 2483 dum
161 2431 253 2502 rogat
272 2431 304 2484 et
322 2420 409 2502 picta
426 2442 462 2484 se
478 2431 675 2502 tempestate
691 2431 811 2484 tuetur.

111 2527 229 2591 Tantis
245 2539 338 2611 parta
355 2528 448 2592 malis
466 2550 543 2592 cura
558 2529 681 2593 maiore
696 2539 854 2610 metuque

66 2647 247 2701 servantur.
296 2636 415 2701 misera
431 2647 481 2700 est
499 2637 610 2720 magni
626 2637 775 2701 custodia
792 2657 919 2700 censue.

65 2744 233 2827 dispositis
250 2744 420 2826 praedives
437 2745 519 2808 amis
535 2747 670 2828 vigilare
687 2746 856 2809 cohortem

67 2874 234 2917 servorum
251 2864 353 2917 noctu
371 2853 504 2918 Licinus
522 2853 620 2930 iubet,
639 2854 799 2917 attonitus
816 2875 874 2935 pro

66 2961 188 3025 electro
205 2963 373 3044 signisque
390 2964 457 3024 suis
475 2963 681 3048 Phrygiaque
698 2963 850 3026 columna

65 3080 165 3153 atque
181 3070 280 3134 ebore
296 3081 330 3134 et
346 3070 412 3134 lata
427 3072 603 3135 testudine.
653 3072 739 3134 dolia
755 3071 833 3134 nudi

65 3199 131 3240 non
147 3179 263 3242 ardent
283 3178 418 3263 Cynici;
443 3178 471 3242 si
486 3179 631 3262 fregeris,
651 3180 754 3245 altera
768 3180 825 3243 fiet

67 3306 138 3351 cras
153 3289 279 3364 domus,
299 3298 398 3371 atque
415 3290 528 3352 eadem
545 3289 681 3370 plumbo
698 3287 874 3351 commissa
889 3287 1042 3350 manebit.
1063 3314 1111 3365 310

66 3395 168 3461 sensit
187 3398 383 3473 Alexander,
403 3408 489 3462 testa
507 3419 580 3462 cum
598 3398 678 3461 vidit
698 3397 729 3459 in
746 3398 800 3460 illa

66 3526 221 3589 magnum
239 3507 466 3584 habitatorem,
486 3518 608 3589 quanto
625 3506 751 3570 felicior
766 3505 818 3568 hic
835 3504 891 3586 qui

66 3615 109 3676 nil
127 3626 260 3697 cuperet
280 3637 377 3697 quam
395 3615 450 3697 qui
467 3626 572 3679 totum
591 3615 652 3678 sibi
669 3626 819 3697 posceret
838 3615 949 3677 orbem
