2422 4006
106 280 140 331 96
529 285 733 334 IVVENALIS

107 470 169 513 nec
186 452 368 514 metuenda
384 451 454 526 tibi,
474 452 635 515 siccatum
652 453 777 535 frigore
794 464 971 536 postquam

64 616 84 641 ,χ
106 567 303 621 autumnum
322 567 355 621 et
373 558 467 622 crudi
484 546 626 641 posuere
643 560 790 642 pericula
807 562 888 626 suci.

107 666 188 729 haec
206 667 282 729 olim
300 666 405 730 nostri
423 667 487 729 iam
505 668 672 731 luxuriosa
689 679 827 732 senatus

105 794 190 837 cena
204 775 279 838 fuit.
330 762 450 838 Curius
468 796 569 857 parvo
587 797 671 858 quae
687 777 814 859 legerat
833 779 931 842 horto

106 881 179 964 ipse
194 883 280 946 focis
297 883 454 947 brevibus
472 886 617 966 ponebat
634 885 816 962 holuscula,
836 907 921 969 quae
939 909 1029 952 nunc

106 992 276 1074 squalidus
294 991 328 1054 in
345 1013 468 1073 magna
484 993 615 1055 fastidit
633 995 794 1075 compede
813 995 932 1072 fossor,

105 1099 162 1182 qui
179 1100 330 1162 meminit
342 1101 472 1163 'calidae
490 1101 596 1181 sapiat
614 1101 693 1182 quid
710 1102 807 1165 vulva
823 1104 978 1185 popinae.

105 1207 186 1270 sicci
203 1189 298 1289 te'rga
315 1207 385 1270 suis
403 1228 476 1270 rara
492 1209 673 1289 pendentia
690 1219 781 1273 crate

105 1315 206 1378 moris
223 1324 294 1378 erat
312 1317 479 1397 quondam
495 1316 594 1379 iestis
612 1337 744 1380 servare
761 1317 888 1394 diebus,

104 1434 138 1486 et
156 1424 349 1487 natalicium
367 1425 518 1505 cognatis
536 1445 661 1507 ponere
678 1425 805 1489 lardum

103 1533 286 1595 accedente
304 1553 397 1606 nova,
417 1533 445 1595 si
462 1554 560 1614 quam
579 1535 678 1597 dabat
696 1535 814 1609 hostia,
834 1556 943 1600 carne.

104 1651 323 1723 cognatorum
341 1641 460 1723 aliquis
477 1641 577 1705 titulo
594 1652 646 1704 ter
661 1643 809 1706 consulis
827 1653 927 1725 atque

103 1759 289 1813 castrorum
307 1749 455 1832 imperiis
473 1759 506 1812 et
524 1750 699 1814 dictatoris
716 1752 842 1814 honore

102 1859 240 1922 functus
257 1859 299 1921 ad
317 1860 376 1921 has
394 1858 507 1940 epulas
526 1858 624 1921 solito
641 1859 803 1922 maturius
821 1859 889 1922 ibat

103 1977 252 2030 erectum
270 1967 397 2030 domito
415 1967 565 2029 referens
583 1988 602 2029 a
619 1977 733 2030 monte
750 1967 905 2050 ligonem.

103 2096 178 2138 cum
196 2085 381 2138 tremerent
399 2085 511 2137 autem
529 2076 651 2138 Fabios
669 2076 854 2157 durumque
873 2076 1036 2140 Catonem

103 2193 136 2245 et
155 2183 299 2247 Scauros
317 2193 350 2246 et
369 2183 569 2258 Fabricium,
589 2193 759 2264 postremo
776 2204 910 2247 severos

102 2292 251 2354 censoris
269 2311 378 2353 mores
396 2291 497 2354 etiam
514 2291 643 2374 collega
659 2293 803 2368 timeret,

102 2419 200 2462 nemo
215 2400 301 2462 inter
318 2420 414 2462 curas
432 2409 464 2462 et
484 2400 569 2462 seria
585 2401 677 2463 duxit
695 2402 885 2464 habendum

101 2508 208 2589 qualis
225 2508 259 2570 in
278 2507 414 2572 Oceano
432 2508 537 2570 fluctu
554 2510 688 2571 testudo
705 2519 846 2585 nataret,

101 2616 227 2679 clarum
244 2617 447 2698 Troiugenis
463 2616 593 2679 factura
610 2626 643 2678 et
662 2617 775 2680 nobile
791 2618 946 2693 fulcrum,

102 2726 160 2787 sed
178 2725 267 2787 nudo
284 2725 388 2787 latere
406 2735 439 2787 et
457 2724 567 2806 parvis
583 2725 679 2788 frons
696 2746 794 2788 aerea
809 2727 906 2789 lectis

101 2833 165 2896 vile
183 2833 333 2896 coronati
351 2844 450 2914 caput
467 2834 667 2896 ostendebat
685 2834 789 2909 aselli,

100 2943 141 3004 ad
159 2942 248 3023 quod
265 2941 380 3005 lascivi
397 2941 555 3004 ludebant
574 2942 660 3021 ruris
677 2942 812 3005 alumni.

86 3051 185 3141 ‘tales
204 3070 283 3132 ergo
301 3051 365 3114 cibi
383 3051 489 3132 qualis
508 3051 626 3113 domus
644 3061 745 3132 atque
763 3050 922 3132 supellex.

100 3168 181 3221 tunc
198 3159 290 3222 rudis
308 3169 340 3221 et
360 3159 477 3222 Graias
495 3159 605 3222 mirari
622 3160 755 3222 nescius
773 3168 862 3221 artes

100 3267 239 3331 urbibus
257 3268 381 3330 eversis
398 3269 596 3349 praedarum
614 3268 646 3329 in
665 3277 760 3349 parte
777 3276 909 3348 reperta
982 3308 986 3316 -

100 3395 297 3457 magnorum
315 3375 480 3439 artificum
498 3376 674 3458 frangebat
693 3374 812 3456 pocula
828 3374 934 3450 mileS,

100 3493 135 3546 ut
154 3483 299 3565 phaleris
316 3485 478 3566 gauderet
496 3504 601 3566 equus
619 3484 813 3566 caelataque
832 3483 936 3546 cassis

102 3591 285 3655 Romuleae
302 3591 479 3655 simulacra
495 3592 587 3656 ferae
605 3612 840 3656 mansuescere
857 3592 968 3656 iussae

125 3852 132 3877 Ι
