2422 4006
477 267 623 315 SATVRA
648 267 686 314 VI

55 456 143 519 quae
161 434 285 499 tulerit.
335 435 480 497 dormire
497 434 603 496 virum
622 455 697 497 cum
715 446 866 499 senserat
884 458 974 512 uxor,

54 564 139 607 ausa
157 543 306 606 Palatino
324 552 473 624 tegetem
489 542 660 624 praeferre
678 543 788 620 cubili,

55 672 190 716 sumere
208 660 391 714 nocturnos
408 650 566 713 meretrix
582 650 742 733 Augusta
758 653 916 728 cucullos,

53 760 230 843 linquebat
247 759 370 823 comite
386 759 507 823 ancilla
526 779 592 822 non
610 758 752 841 amplius
770 781 837 824 una

55 879 91 932 et
108 869 242 950 nigrum
260 868 344 931 flavo
362 869 486 931 crinem
503 869 732 932 abscondente
749 868 871 951 galero.
1057 894 1103 930 120

56 977 195 1040 intravit
213 976 356 1040 calidum
372 976 480 1039 veteri
497 986 642 1039 centone
658 977 797 1059 lupanar

55 1095 90 1148 et
110 1083 227 1148 cellam
244 1105 382 1148 vacuam
400 1094 500 1166 atque
518 1105 621 1149 suam.
665 1094 746 1148 tunc
763 1087 851 1148 nuda
868 1087 999 1168 papillis

55 1193 208 1275 prostitit
226 1193 350 1256 auratis
367 1192 503 1255 titulum
520 1193 664 1256 mentita
682 1194 843 1277 Lyciscae

55 1302 271 1384 ostenditque
288 1312 393 1376 tuum,
413 1321 577 1383 generose
595 1302 797 1377 Britannice,
815 1313 987 1379 ventrem;

55 1411 187 1493 excepit
205 1410 325 1473 blanda
342 1410 499 1473 intrantis
516 1419 617 1492 atque
634 1430 709 1473 aera
726 1412 888 1492 poposcit.
1055 1434 1100 1486 125

57 1522 110 1604 [ac
128 1520 283 1601 resupina
299 1519 411 1582 iacens
429 1517 609 1581 multorum
627 1519 798 1582 absorbuit
817 1519 917 1604 ictus]

56 1649 134 1690 mox
151 1627 271 1690 lenone
289 1618 366 1690 suas
385 1626 449 1690 iam
467 1627 660 1689 dimittente
677 1626 804 1709 puellas

55 1736 164 1800 tristis
181 1737 259 1810 abit,
279 1746 312 1798 et
329 1737 418 1818 quod
435 1735 544 1817 potuit
562 1744 674 1798 tamen
693 1736 811 1799 ultima
827 1737 943 1800 cellam

56 1845 187 1919 clausit,
205 1845 313 1908 adhuc
330 1845 450 1908 ardens
468 1845 593 1926 rigidae
610 1844 776 1927 tentigine
792 1845 917 1920 volvae,

56 1963 91 2016 et
108 1953 232 2016 lassata
248 1953 327 2015 viris
345 1937 486 2016 necdum
505 1953 626 2016 satiata
642 1953 790 2028 recessit,

56 2061 275 2144 obscurisque
291 2062 388 2143 genis
405 2062 513 2143 turpis
530 2061 689 2143 fumoque
708 2062 863 2125 lucernae

55 2171 156 2233 foeda
173 2170 341 2251 lupanaris
358 2169 435 2232 tulit
453 2171 494 2232 ad
512 2170 665 2252 pulvinar
681 2171 824 2235 odorem.

56 2279 276 2361 hippomanes
294 2298 496 2359 carmenque
513 2278 628 2359 loquar
645 2287 844 2361 coctumque
862 2299 1026 2342 venenum
1129 2355 1133 2364 Ι

56 2387 277 2469 privignoque
294 2387 407 2449 datum
421 2387 445 2447 ἓ·
465 2378 595 2449 faciunt
612 2387 764 2468 graviora
780 2397 915 2451 coactae

56 2496 195 2578 imperio
213 2516 311 2558 sexus
329 2494 569 2577 minimumque
585 2493 723 2558 libidine
740 2505 890 2577 peccant.
1056 2516 1100 2568 135

105 2604 264 2686 ‘Optima
280 2604 338 2666 sed
356 2624 458 2685 quare
476 2603 667 2666 Censennia
683 2613 772 2666 teste
789 2603 907 2666 marito
923 2604 952 2666 ?’

56 2713 108 2775 bis
125 2713 296 2794 quingena
312 2711 413 2775 dedit.
462 2712 549 2774 tanti
565 2721 661 2774 vocat
680 2712 735 2774 ille
752 2712 915 2794 pudicam,

56 2841 118 2884 nec
137 2820 302 2902 pharetris
319 2820 462 2883 Veneris
479 2841 590 2884 macer
608 2831 658 2882 est
677 2830 734 2883 aut
752 2820 903 2902 lampade
920 2821 1034 2884 fervet.

56 2929 134 2990 inde
150 2929 243 2991 faces
260 2929 388 3002 ardent,
406 2929 545 2991 veniunt
563 2949 582 2991 a
598 2930 677 2991 dote
690 2928 847 3010 sagittae.

55 3037 192 3100 libertas
210 3037 339 3099 emitur.
390 3057 500 3100 coram
519 3037 596 3100 licet
614 3038 730 3100 innuat
748 3047 849 3119 atque
1055 3058 1101 3105 140

55 3145 238 3221 rescribat;
262 3145 362 3207 vidua
378 3155 431 3207 est
444 3145 591 3226 locuples
609 3167 694 3228 quae
711 3146 825 3226 nupsit
843 3166 949 3209 avaro.

102 3251 194 3317 ‘Cur
211 3253 376 3316 desiderio
394 3253 531 3316 Bibulae
550 3254 720 3317 Sertorius
738 3254 855 3316 ardet?
869 3253 875 3276 '

55 3361 85 3425 si
101 3349 216 3424 verum
234 3362 393 3437 excutias,
412 3362 525 3436 iacies,
545 3382 612 3424 non
630 3383 712 3425 uxor
729 3372 867 3425 amatur.

55 3479 125 3533 tres
142 3489 246 3551 rugae
263 3471 406 3533 subeant
424 3480 457 3533 et
476 3491 511 3532 se
528 3470 615 3533 cutis
633 3471 724 3532 arida
740 3471 837 3545 laxet,

56 3579 136 3641 liant
155 3579 288 3642 obscuri
304 3579 423 3641 dentes
441 3578 593 3660 oculique
611 3578 765 3648 minores,
