2422 4006
473 271 619 320 SATVRA
646 272 712 319 XIV
1070 269 1117 319 117

65 440 126 502 sed
145 450 241 520 pater
258 440 291 503 in
310 460 419 514 causa,
435 439 488 503 cui
506 439 650 520 septima
665 460 817 521 quaeque
833 439 897 502 fuit
915 439 970 502 lux
1071 467 1117 519 105

67 545 190 630 ignava
207 557 241 611 et
257 558 387 629 partem
405 547 492 611 vitae
510 568 577 610 non
594 547 708 629 attigit
726 548 837 612 ullam.

116 655 246 737 Sponte
263 667 377 719 tamen
395 655 533 719 iuvenes
550 655 726 718 imitantur
742 666 864 730 cetera,
884 657 987 720 solam

71 763 165 827 inviti
183 784 316 846 quoque
332 764 505 827 avaritiam
523 784 679 828 exercere
697 764 864 828 iubentur.

71 871 153 936 fallit
172 873 262 936 enim
280 873 399 935 vitium
417 873 529 953 specie
546 873 681 936 virtutis
699 882 732 936 et
750 873 876 947 umbra,

73 1000 145 1044 cum
162 981 206 1044 sit
224 981 321 1044 triste
337 981 455 1044 habitu
471 981 633 1063 vultuque
650 990 684 1044 et
702 990 796 1044 veste
813 1001 977 1056 severum,
1072 1011 1118 1047 110

74 1108 130 1154 nec
148 1089 250 1153 dubie
268 1098 438 1172 tamquam
455 1089 546 1171 frugi
563 1089 719 1152 laudetur
735 1110 863 1164 avarus,

72 1206 238 1281 tamquam
255 1219 375 1278 parcus
393 1198 493 1260 homo
511 1207 545 1261 et
564 1217 673 1260 rerum
692 1198 801 1261 tutela
817 1218 951 1261 suarum

71 1316 161 1370 certa
178 1307 285 1387 magis
302 1327 400 1388 quam
418 1306 447 1368 si
463 1306 617 1368 fortunas
634 1315 744 1369 servet
762 1309 895 1369 easdem

70 1413 298 1496 Hesperidum
312 1434 450 1496 serpens
464 1423 521 1476 aut
541 1415 708 1478 Ponticus.
758 1415 842 1477 adde
856 1417 944 1497 quod
958 1416 1056 1490 hunc,
1076 1418 1117 1480 de

66 1543 135 1606 quo
152 1522 279 1605 loquor,
299 1522 470 1603 egregium
486 1522 629 1603 populus
646 1532 743 1603 putat
759 1523 956 1605 adquirendi
1071 1554 1116 1604 115

63 1631 231 1694 artificem
245 1651 253 1707 ;
277 1631 399 1713 quippe
416 1630 469 1693 his
486 1641 642 1694 crescunt
659 1631 861 1710 patrimonia
877 1632 988 1707 fabris,

64 1741 129 1804 sed
147 1748 302 1803 crescunt
320 1759 530 1821 quocumque
546 1739 656 1814 modo,
676 1740 866 1822 maioraque
883 1741 967 1803 fiunt

63 1847 190 1911 incude
207 1847 345 1910 adsidua
362 1866 561 1928 semperque
578 1848 717 1910 ardente
734 1848 873 1911 camino.

65 1966 102 2019 et
121 1965 217 2036 pater
234 1975 313 2037 ergo
330 1955 433 2018 animi
448 1954 564 2018 felices
582 1956 686 2018 credit
705 1976 841 2032 avar0s;

66 2065 126 2147 qui
145 2064 283 2126 miratur
300 2084 391 2144 opes,
410 2064 466 2145 qui
482 2063 574 2125 nulla
590 2063 743 2144 exempla
760 2065 849 2127 beati
1072 2096 1117 2130 120

67 2171 227 2254 pauperis
244 2191 319 2234 esse
335 2181 442 2253 putat,
461 2171 600 2234 iuvenes
618 2172 772 2234 hortatur
789 2183 824 2235 ut
843 2173 898 2236 illa

71 2280 119 2343 ire
135 2280 189 2343 via
204 2289 347 2361 pergant
365 2289 397 2342 et
415 2280 524 2342 eidem
542 2280 736 2343 incumbere
749 2291 871 2344 sectae.

71 2398 149 2452 sunt
167 2389 329 2471 quaedam
346 2388 501 2451 vitiorum
519 2388 706 2452 elementa:
730 2389 782 2451 his
799 2390 952 2470 protinus
969 2390 1042 2453 illos

72 2496 179 2560 inbuit
197 2505 231 2559 et
248 2496 338 2578 cogit
356 2496 511 2559 minimas
528 2496 678 2560 ediscere
696 2497 830 2573 sordes;

72 2625 147 2668 mox
163 2604 359 2687 adquirendi
376 2605 474 2668 docet
491 2604 679 2668 insatiabile
695 2615 820 2669 votum.
1071 2635 1116 2687 125

72 2733 241 2777 servorum
257 2723 393 2805 ventres
411 2713 522 2775 modio
540 2713 684 2795 castigat
702 2713 816 2795 iniquo

72 2821 141 2902 ipse
169 2841 300 2905 quoque
330 2821 490 2895 esuriens,
517 2841 627 2903 neque
656 2821 745 2883 enim
774 2822 886 2884 omnia
914 2823 1058 2885 sustinet

161 2950 316 3011 umquam

70 3037 201 3101 mucida
217 3037 360 3100 caerulei
377 3038 473 3118 panis
491 3057 689 3100 consumere
705 3038 826 3113 frusta·

70 3145 265 3209 hesternum
283 3145 404 3208 solitus
421 3146 531 3208 medio
550 3166 683 3208 servare
700 3145 840 3209 minutal

70 3253 262 3336 Septembri
278 3275 341 3318 nee
358 3274 425 3316 non
442 3255 577 3317 differre
595 3255 628 3317 in
646 3263 798 3335 tempora
814 3274 917 3317 cenae
1069 3285 1115 3336 130

68 3361 205 3427 alterius
223 3364 383 3426 conchem
402 3363 563 3426 aestivam
580 3383 654 3425 cum
668 3371 763 3444 parte
781 3342 896 3426 lacerti

69 3472 233 3556 signatam
251 3471 303 3534 vel
321 3471 456 3534 dimidio
472 3471 629 3554 putrique
646 3471 757 3546 silum,

68 3580 189 3663 filaque
206 3579 324 3644 sectivi
342 3587 516 3642 numerata
532 3578 702 3642 includere
718 3579 806 3660 porri
820 3599 827 3656 ;
