2422 4006
114 272 162 323 118
532 272 736 320 IVVENALIS

114 441 275 504 invitatus
291 442 332 504 ad
350 441 432 504 haec
448 439 568 523 aliquis
585 440 628 502 de
643 449 749 521 ponte
766 441 912 523 negabit.

113 551 172 613 sed
189 570 256 633 quo
272 548 506 633 divitiashaec
522 568 583 630 per
598 556 767 611 tormenta
784 558 927 625 coactas,
1116 579 1159 633 135

113 679 189 723 cum
207 658 300 721 furor
316 658 405 720 haud
422 657 554 733 dubius,
574 677 649 720 cum
667 657 712 720 sit
728 657 909 721 manifesta
924 659 1113 741 phrenesis,

114 777 150 831 ut
167 765 315 848 locuples
332 765 493 842 moriaris,
513 765 646 847 egentis
662 765 774 830 vivere
789 765 884 829 fato?

114 876 244 942 interea
259 874 359 956 pleno
376 895 452 938 cum
469 882 584 956 turget
601 872 753 938 sacculus
770 894 837 949 ore,

114 983 234 1048 crescit
251 1003 343 1046 amor
360 982 488 1046 nummi
504 991 666 1066 quantum
684 981 757 1063 ipsa
773 983 914 1065 pecunia
931 985 1046 1059 crevit,

114 1101 148 1155 et
165 1092 276 1155 minus
294 1092 379 1155 hanc
396 1099 489 1173 optat
507 1091 564 1173 qui
581 1110 649 1153 non
665 1091 778 1155 habet.
827 1111 906 1175 ergo
924 1071 1060 1173 paratur
1116 1123 1162 1171 140

114 1200 219 1264 altera
234 1200 313 1262 villa
328 1199 399 1274 tibi,
418 1220 494 1263 cum
511 1220 568 1262 rus
586 1219 653 1262 non
672 1199 794 1264 sufficit
811 1220 924 1275 unum,

115 1319 148 1373 et
164 1309 315 1391 proferre
331 1307 413 1372 libet
430 1309 524 1383 fines,
543 1307 715 1400 maiorque
730 1307 863 1372 videtur

115 1427 149 1481 et
166 1417 283 1481 melior
298 1416 408 1481 vicina
425 1436 533 1498 seges,
552 1416 710 1480 mercaris
727 1424 761 1479 et
777 1418 864 1481 hanc
881 1426 915 1480 et

115 1527 251 1590 arbusta
266 1535 300 1589 et
318 1527 423 1589 densa
438 1533 588 1588 montem
605 1525 662 1608 qui
679 1533 777 1588 canet
794 1524 888 1589 oliva.

115 1654 254 1717 quorum
272 1634 301 1697 si
318 1634 424 1716 pretio
441 1633 596 1697 dominus
614 1653 681 1696 non
697 1632 843 1696 vincitur
860 1633 936 1709 ullo,
1116 1664 1159 1715 145

115 1752 215 1807 nocte
232 1743 334 1806 boves
351 1741 454 1806 macri
471 1742 625 1824 lassoque
641 1740 795 1805 famelica
811 1741 896 1805 collo

116 1851 265 1914 iumenta
281 1851 323 1914 ad
339 1850 462 1914 virides
479 1850 578 1913 huius
595 1850 774 1913 mittentur
790 1851 920 1925 aristas,

115 1980 178 2024 nec
194 1960 287 2041 prius
305 1959 382 2021 inde
398 1959 532 2022 domum
550 1979 649 2040 quam
665 1967 738 2022 tota
754 1958 885 2021 novalia
901 1979 1018 2023 saevos

116 2070 150 2132 in
166 2077 302 2131 ventres
318 2067 450 2142 abeant,
469 2077 506 2129 ut
524 2067 639 2130 credas
655 2066 798 2130 falcibus
815 2076 936 2131 actum.

115 2178 227 2241 dicere
243 2177 298 2239 vix
314 2174 423 2256 possis
440 2195 539 2257 quam
556 2173 653 2238 multi
669 2175 749 2238 talia
764 2174 896 2257 plorent
987 2201 990 2204 ⁴
1116 2205 1159 2257 150

116 2297 150 2351 et
167 2295 247 2369 quot
264 2283 399 2348 venales
417 2282 536 2346 iniuria
551 2282 670 2346 lecerit
686 2303 794 2367 agros.
1128 2283 1132 2295 '

116 2396 174 2459 sed
191 2394 248 2477 qui
265 2412 447 2468 sermones,
466 2413 565 2475 quam
581 2391 701 2454 foedae
717 2391 839 2456 bucina
854 2392 982 2456 lamae!

117 2504 216 2587 ‘quid
233 2510 332 2566 nocet
350 2502 432 2565 haec
444 2499 475 2563 ?’
495 2499 604 2583 inquit
623 2500 788 2563 ‘tunicam
805 2501 886 2563 mihi
904 2500 990 2565 malo
1007 2501 1115 2584 lupini

115 2633 214 2695 quam
232 2610 260 2674 si
277 2629 331 2673 me
347 2618 420 2672 toto
436 2609 551 2672 laudet
566 2608 689 2672 vicinia
703 2629 789 2690 pago

115 2720 227 2802 exigui
244 2719 329 2782 ruris
345 2717 546 2800 paucissima
561 2717 651 2780 farra
666 2716 857 2782 secantem’
1087 2701 1088 2704 Ἴ
1114 2746 1158 2798 155

115 2829 244 2893 scilicet
262 2836 296 2890 et
313 2826 438 2890 morbis
456 2836 489 2889 et
506 2825 681 2890 debilitate
698 2806 836 2902 carebis,

116 2946 149 3001 et
167 2937 294 3001 luctum
312 2945 346 2999 et
363 2956 475 2999 curam
493 2935 647 3017 effugies,
667 2944 701 2998 et
718 2944 869 3016 tempora
885 2935 972 2998 vitae

115 3047 216 3129 longa
231 3044 294 3109 tibi
310 3044 451 3126 posthac
467 3043 538 3107 fato
555 3043 693 3106 meliore
709 3043 886 3117 dabuntur,

116 3155 145 3218 si
161 3165 294 3218 tantum
312 3153 392 3217 culti
408 3151 499 3215 solus
515 3151 707 3232 possederis
723 3151 795 3233 agri

115 3272 278 3347 quantum
296 3262 359 3326 sub
376 3261 475 3324 Tatio
491 3260 634 3341 populus
653 3261 826 3322 Romanus
844 3259 970 3323 arabat.
1116 3276 1158 3326 160

116 3393 193 3435 mox
209 3371 310 3434 etiam
327 3369 443 3434 fractis
460 3377 572 3433 aetate
587 3388 627 3431 ac
644 3367 769 3432 Punica
785 3367 893 3449 passis

114 3480 240 3564 proelia
254 3479 307 3542 vel
326 3479 487 3563 Pyrrhum
505 3478 673 3541 inmanem
690 3476 887 3559 gladiosque
905 3475 1073 3541 Molossos

116 3590 251 3653 tandem
268 3608 328 3670 pro
345 3586 459 3650 multis
476 3585 531 3648 vix
548 3585 663 3668 iugera
679 3585 757 3648 bina
774 3585 939 3650 dabantur
