2422 4006
107 255 141 304 98
532 259 737 308 IVVENALIS

110 424 279 488 rancidula
295 436 352 488 aut
371 426 445 489 ideo
462 427 555 508 peior
572 426 697 510 gallina
714 438 855 492 secatur.
1109 451 1150 502 135

86 520 168 596 lsed
185 553 247 597 nec
265 543 412 596 structor
428 535 490 597 erit
507 534 561 598 cui
579 536 697 598 cedere
714 536 835 599 debeat
853 537 963 601 omnis

109 641 256 724 pergula,
275 642 460 724 discipulus
477 643 643 726 Trypheri
659 644 816 719 doctoris,
835 647 923 727 apud
941 666 1040 728 quem

110 751 239 815 sumine
257 771 332 814 curn
350 772 472 833 magno
490 751 585 834 lepus
602 761 703 834 atque
720 773 800 835 aper
816 763 849 815 et
867 774 1038 837 pygargus

110 870 142 923 et
162 859 342 944 Scythicae
358 859 510 923 volucres
529 869 562 923 et
579 861 862 943 phoenicopterus
880 862 1001 944 ingens

109 978 143 1031 et
161 968 324 1033 Gaetulus
342 989 423 1052 oryx
441 969 556 1031 hebeti
573 968 761 1032 lautissima
776 970 865 1034 ferro
1110 993 1154 1039 140

109 1077 259 1140 caeditur
276 1085 310 1138 et
328 1086 400 1138 tota
416 1086 512 1139 sonat
530 1076 640 1139 ulmea
658 1097 741 1140 cena
758 1077 899 1142 Subura.

109 1205 171 1248 nec
187 1184 331 1247 frustum
351 1204 489 1265 capreae
507 1185 694 1248 subducere
711 1205 774 1248 nec
791 1185 879 1248 latus
897 1186 1005 1250 Afrae
1083 1225 1086 1232 ·

109 1293 202 1356 novit
219 1292 289 1356 avis
307 1301 430 1366 noster,
450 1292 638 1356 tirunculus
656 1314 694 1355 ac
712 1293 803 1356 rudis
820 1295 910 1356 omni

93 1410 259 1484 ytempore
277 1411 310 1464 et
328 1393 583 1483 exiguae‘furtis
600 1402 750 1465 imbutus
768 1403 897 1466 ofellae.

108 1510 257 1592 plebeios
274 1509 394 1573 calices
412 1518 444 1571 et
463 1508 577 1590 paucis
595 1510 726 1572 assibus
744 1512 875 1592 emptos

108 1618 257 1700 porriget
274 1617 422 1680 incultus
441 1637 524 1699 puer
539 1627 641 1699 atque
657 1639 676 1679 a
693 1618 816 1700 frigore
833 1628 937 1683 tutus.

108 1748 176 1789 non
195 1727 304 1810 Phryx
321 1735 378 1788 aut
398 1725 532 1809 Lycius,
552 1746 618 1788 non
636 1747 656 1788 a
674 1747 838 1808 mangone
855 1728 982 1808 petitus

108 1834 283 1917 quisquam
301 1833 374 1908 erit,
394 1845 427 1896 et
445 1854 586 1915 magno:
612 1855 687 1897 curn
703 1854 833 1916 posces,
853 1856 953 1916 posce
973 1836 1103 1899 Latine.

109 1944 196 2006 idern
214 1943 348 2005 habitus
367 1942 507 2017 cunctiS,
527 1942 616 2004 tonsi
634 1943 783 2024 rectique
800 1942 910 2024 capilli

108 2061 209 2133 atque
226 2051 325 2113 hodie
342 2060 472 2112 tanturn
491 2060 628 2131 propter
645 2051 795 2113 convivia
811 2051 896 2132 pexi.
1111 2073 1154 2124 150

107 2160 252 2241 pastoris
269 2159 343 2221 duri
360 2158 414 2221 hic
431 2168 483 2221 est
501 2159 598 2234 filius,
619 2158 673 2221 ille
691 2158 835 2222 bubulci.

109 2268 254 2350 suspirat
272 2267 373 2349 longo
391 2287 458 2329 non
475 2267 581 2329 visam
600 2276 750 2348 tempore
768 2277 918 2342 matrem,

109 2387 143 2439 et
160 2377 306 2440 casulam
325 2384 358 2438 et
376 2385 474 2438 notos
493 2375 600 2437 tristis
617 2376 783 2438 desiderat
800 2376 933 2451 haedos,

109 2484 247 2567 ingenui
263 2485 376 2546 vultus
395 2503 477 2565 puer
494 2483 699 2565 ingenuique
716 2484 863 2565 pudoris,

109 2593 223 2676 quales
240 2613 315 2656 esse
333 2593 430 2654 decet
447 2612 531 2673 quos
552 2593 673 2654 ardens
691 2613 837 2673 purpura
853 2593 964 2665 vestit,
1110 2612 1153 2665 ¹55

108 2722 170 2764 nec
188 2700 368 2783 pupillares
386 2700 495 2762 defert
513 2700 546 2760 in
564 2700 683 2763 balnea
700 2721 819 2763 raucus

108 2808 291 2884 testiculos,
312 2829 373 2871 nec
390 2807 561 2871 vellendas
579 2808 644 2870 iarn
661 2809 813 2889 praebuit
831 2809 908 2883 alas,

108 2939 219 2982 crassa
236 2938 298 2981 nec
315 2916 468 2999 opposito
486 2917 624 2998 pavidus
641 2917 725 2999 tegit
743 2917 881 2999 inguina
897 2929 988 2999 gut0.

108 3027 162 3090 hie
180 3027 240 3089 tibi
258 3026 335 3089 vina
351 3026 444 3088 dabit
462 3025 585 3088 diffusa
602 3026 636 3088 in
655 3026 825 3088 montibus
843 3025 908 3087 illis

108 3137 264 3217 aquibus
282 3135 353 3217 ipse
370 3134 471 3209 venit,
491 3154 629 3216 quorum
650 3135 713 3196 sub
730 3135 856 3197 vertice
872 3133 970 3209 lusit;
1110 3139 1154 3190 160

108 3263 252 3326 namque
263 3264 329 3306 una
339 3253 438 3325 atque
450 3243 565 3305 eadem
577 3252 629 3305 est
641 3242 708 3304 vini
719 3243 827 3323 patria
837 3254 939 3324 atque
950 3242 1103 3305 ministri.

106 3352 249 3415 forsitan
267 3361 442 3433 exspectes
460 3361 496 3413 ut
516 3351 682 3413 Gaditana
699 3371 820 3413 canoro
907 3417 910 3424 ,

107 3461 268 3542 incipiant
287 3461 415 3541 prurire
433 3460 542 3534 choro,
563 3459 747 3541 plausuque
764 3460 923 3540 probatae

107 3570 148 3632 ad
166 3580 288 3631 terram
307 3568 449 3630 tremulo
467 3568 673 3630 descendant
692 3566 790 3630 clune
807 3567 946 3648 puellae.
