2422 4006
129 306 176 355 126
547 306 750 355 IVVENALIS

127 473 260 537 alterius
278 472 390 555 populi
406 475 560 554 rapienda
576 474 706 537 occasio
723 474 851 538 cunctis
940 525 942 530 .

128 581 197 644 visa
214 580 418 643 inimicorum
434 581 631 662 primoribus
647 603 686 645 ac
702 582 850 656 ducibus,
868 603 911 645 ne
1132 610 1156 656 40

127 690 250 753 laetum
266 688 467 770 hilaremque
483 689 578 764 diem,
596 710 639 754 ne
655 711 793 772 magnae
809 690 927 772 gaudia
945 711 1046 754 cenae

128 796 288 860 sentirent
305 796 420 878 positis
436 800 477 861 ad
494 798 616 879 templa
632 809 664 860 et
683 799 826 879 compita
841 798 965 861 mensis

128 904 340 987 pervigilique
358 916 438 979 toro,
456 926 555 987 quem
571 916 669 969 nocte
686 927 724 968 ac
740 906 813 968 luce
830 905 992 969 iacentem

129 1012 288 1094 septimus
306 1014 471 1075 interdurn
489 1014 537 1075 sol
555 1013 685 1075 invenit.
736 1014 867 1076 horrida
883 1035 962 1076 sane

129 1121 311 1204 Aegyptos,
332 1121 389 1183 sed
406 1121 540 1196 luxuria,
558 1132 718 1202 quantum
736 1121 805 1203 ipse
822 1123 941 1196 notavi,
1133 1141 1158 1194 45

129 1230 267 1292 barbara
283 1229 411 1291 famoso
427 1250 493 1291 non
511 1229 596 1292 cedit
614 1230 711 1292 turba
729 1230 872 1311 Canopo,

129 1339 213 1400 adde
228 1338 316 1418 quod
333 1347 365 1399 et
383 1336 487 1399 facilis
504 1337 640 1400 victoria
656 1339 696 1400 de
712 1337 850 1400 madidis
867 1349 900 1401 et

130 1446 249 1508 blaesis
265 1455 364 1526 atque
381 1465 470 1507 mero
486 1445 715 1508 titubantibus.
765 1446 840 1509 inde
856 1445 999 1509 virorum

131 1554 268 1617 saltatus
287 1554 379 1634 nigro
396 1552 538 1627 tibicine,
556 1552 806 1635 qualiacumque

130 1672 299 1748 unguenta
316 1672 348 1723 et
366 1660 463 1723 flores
480 1661 667 1742 multaeque
684 1661 716 1723 in
733 1661 843 1724 fronte
861 1682 1020 1725 coronae:

131 1770 207 1833 hinc
223 1770 367 1832 ieiunum
385 1768 502 1832 odium.
553 1771 609 1832 sed
628 1769 731 1851 iurgia
746 1770 850 1850 prima
867 1790 984 1833 sonare

131 1877 289 1959 incipiunt
306 1876 423 1940 animis
439 1876 648 1954 ardentibus;
674 1879 755 1941 haec
772 1877 963 1962 tubarixae.

130 1987 205 2049 dein
223 1986 363 2048 clamore
378 1984 448 2065 pari
465 1986 675 2059 concurritur,
695 1996 727 2049 et
745 1987 816 2048 vice
831 1986 890 2048 teli

132 2095 233 2157 saevit
250 2094 338 2156 nuda
354 2114 480 2156 manus.
529 2114 652 2174 paucae
669 2093 739 2157 sine
756 2095 891 2157 vulnere
907 2095 1020 2169 malae,

131 2202 183 2264 vix
201 2201 350 2284 cuiquam
367 2212 423 2264 aut
440 2200 520 2264 nulli
536 2211 608 2264 toto
626 2203 804 2265 certamine
820 2223 920 2265 nasus

131 2312 266 2391 integer.
316 2311 480 2391 aspiceres
497 2310 560 2372 iam
579 2320 698 2372 cuncta
714 2330 772 2390 per
788 2309 918 2392 agmina
933 2310 1045 2373 vultus

131 2418 287 2492 dimidios,
307 2417 385 2481 alias
403 2418 503 2480 facies
521 2428 554 2479 et
571 2416 695 2479 hiantia
712 2418 816 2499 ruptis

130 2548 204 2589 ossa
220 2525 322 2607 genis,
341 2525 456 2605 plenos
474 2524 642 2586 oculorum
660 2525 819 2607 sanguine
835 2546 974 2607 pugnos.

129 2637 241 2698 ludere
259 2654 294 2697 se
311 2635 448 2696 credunt
466 2633 528 2714 ipsi
543 2644 655 2695 tamen
672 2643 703 2696 et
722 2633 854 2714 puerilis

130 2764 281 2808 exercere
298 2742 393 2816 acies,
412 2742 500 2822 quod
517 2742 606 2804 nulla
624 2742 780 2805 cadavera
797 2742 932 2820 calcent.

131 2863 162 2915 et
180 2872 259 2915 sane
274 2873 339 2933 quo
357 2860 406 2913 tot
426 2849 560 2912 rixantis
578 2848 666 2911 milia
682 2851 806 2924 turbae,

131 2960 156 3021 si
174 2958 285 3020 vivunt
304 2959 442 3021 omnes?
492 2979 571 3039 ergo
588 2958 692 3020 acrior
708 2959 859 3039 impetus,
878 2969 909 3021 et
927 2959 991 3021 iarn

130 3088 206 3130 saxa
223 3065 383 3128 inclinatis
401 3087 460 3146 per
476 3067 612 3128 humum
629 3066 778 3146 quaesita
794 3066 923 3130 lacertis

130 3174 286 3256 incipiunt
305 3185 467 3256 torquere,
487 3174 666 3238 domestica
683 3174 834 3237 seditioni

129 3284 203 3358 tela,
221 3305 283 3347 nec
299 3286 389 3347 hunc
407 3285 556 3365 lapidem,
576 3284 680 3366 qualis
699 3295 731 3347 et
749 3285 882 3347 Turnus
899 3295 931 3347 et
950 3284 1043 3359 Aiax,

128 3391 180 3455 vel
196 3413 261 3473 quo
278 3391 423 3477 Tydides
441 3391 601 3472 percussit
620 3392 764 3473 pondere
782 3412 895 3455 coxam

130 3501 273 3576 Aeneae,
293 3501 350 3563 sed
367 3521 464 3581 quern
482 3499 610 3562 valeant
629 3498 781 3562 emittere
796 3500 930 3564 dextrae

37 3647 42 3659 ·
129 3609 190 3672 illis
208 3608 381 3672 dissimiles
400 3619 431 3672 et
450 3619 564 3670 nostro
582 3618 730 3688 tempore
747 3618 851 3672 natae.
