2422 4006
81 274 113 325 52
503 275 709 325 IVVENALIS

80 443 321 525 propterquod
338 463 451 506 secum
470 443 612 507 comites
629 444 740 507 educit
755 444 878 508 asellas
1070 459 1105 514 505

82 549 175 613 exsul
194 550 452 634 Hyperboreum
469 550 498 614 si
514 550 703 614 dimittatur
718 551 760 614 ad
776 571 882 615 axem.
965 602 967 607 .
1051 556 1107 622 (440)

83 659 141 721 sed
159 678 243 740 quae
260 659 398 722 mutatis
417 659 586 723 inducitur
602 669 704 742 atque
719 660 855 723 fovetur

83 776 133 830 tot
150 766 426 831 medicaminibus
444 777 625 850 coctaeque
642 753 784 850 siliginis
801 768 888 832 offas

82 875 203 957 accipit
221 885 254 938 et
272 876 433 951 madidae,
451 875 556 939 iacies
573 876 704 940 dicetur
720 897 762 939 an
779 877 900 940 ulcus?

130 983 192 1046 Est
210 983 354 1065 pretium
372 1004 471 1047 curae
487 984 621 1065 penitus
638 1004 842 1067 cognoscere
858 993 931 1049 toto
1078 1001 1116 1054 5¹0

83 1091 162 1174 quid
179 1091 304 1156 faciant
321 1092 518 1174 agitentque
535 1091 597 1156 die.
649 1091 678 1154 si
694 1102 793 1156 nocte
811 1092 950 1156 maritus
1057 1094 1117 1162 (475l

84 1220 219 1263 aversus
237 1200 348 1274 iacuit,
366 1199 465 1281 periit
483 1199 624 1274 libraria,
644 1209 775 1281 ponunt

85 1317 253 1372 cosmetae
269 1308 410 1383 tunicas,
429 1308 524 1370 tarde
539 1308 673 1371 venisse
692 1308 863 1372 Liburnus

85 1417 207 1480 dicitur
223 1426 257 1480 et
274 1436 399 1498 poenas
417 1415 518 1478 alieni
534 1417 681 1498 pendere
698 1416 807 1480 somni

86 1525 224 1607 cogitur,
243 1524 297 1588 hic
313 1524 440 1605 frangit
458 1524 592 1599 ferulas,
611 1524 708 1587 rubet
726 1525 781 1587 ille
798 1525 940 1608 flagello,
1082 1542 1121 1599 5¹5

85 1634 139 1697 hic
157 1633 284 1697 scutica
300 1654 307 1710 ;
333 1642 412 1696 sunt
429 1653 513 1714 quae
530 1633 713 1697 tortoribus
727 1653 838 1696 annua
854 1643 1037 1714 praestent.
1059 1639 1121 1706 (480)

86 1742 238 1805 verberat
255 1750 356 1824 atque
373 1742 481 1804 obiter
497 1741 618 1805 faciem
636 1741 720 1817 linit,
740 1741 832 1804 audit
848 1727 973 1805 amicas

86 1859 143 1913 aut
160 1850 264 1914 latum
282 1850 392 1931 pictae
408 1849 513 1912 vestis
532 1849 720 1913 considerat
738 1869 854 1912 aurum

86 1967 120 2022 et
138 1959 255 2034 caedit,
273 1958 366 2040 longi
383 1957 501 2039 relegit
519 1966 710 2020 transversa
726 1957 837 2020 diurni

86 2076 120 2130 et
138 2067 256 2142 caedit,
275 2067 380 2129 donec
397 2065 494 2128 lassis
511 2065 729 2129 caedentibus
748 2064 841 2140 ‘exis
1086 2085 1124 2140 520

88 2176 217 2238 intonet
235 2175 437 2238 horrendum
454 2173 518 2237 iam
537 2174 730 2256 cognitione
747 2184 890 2255 peracta.
1064 2178 1123 2246 (485)

87 2283 298 2367 praefectura
314 2283 432 2345 domus
451 2281 564 2345 Sicula
580 2302 648 2345 non
665 2281 778 2345 mitior
794 2281 878 2346 aula.

88 2413 163 2455 nam
182 2392 210 2454 si
227 2390 402 2454 constituit
420 2389 584 2471 solitoque
600 2391 776 2453 decentius
794 2399 888 2472 optat

87 2499 198 2564 ornari
214 2509 248 2562 et
266 2507 421 2580 properat
439 2498 570 2580 iamque
587 2507 802 2580 exspectatur
818 2497 852 2561 in
870 2499 977 2563 hortis

87 2618 144 2673 aut
161 2609 249 2690 apud
266 2607 393 2670 Isiacae
410 2606 522 2688 potius
539 2606 683 2670 sacraria
700 2606 804 2681 lenae,
1087 2623 1127 2679 525

88 2717 236 2799 disponit
254 2715 380 2779 crinem
396 2714 551 2778 laceratis
568 2715 640 2796 ipsa
656 2715 783 2796 capillis
1063 2721 1126 2788 (490)

88 2827 178 2889 nudo
195 2845 310 2888 umero
329 2824 448 2887 Psecas
466 2823 583 2886 infelix
600 2823 766 2904 nudisque
783 2823 948 2887 mamillis.

90 2935 207 2998 ‘altior
223 2935 275 2997 hic
292 2952 394 3015 quare
412 2932 588 2996 cincinnus
600 2931 631 2994 ?'
658 2942 773 2994 taurea
790 2931 891 3014 punit

89 3044 248 3109 continuo
265 3041 343 3104 flexi
360 3041 486 3106 crimen
503 3041 699 3122 facinusque
718 3040 838 3122 capilli.

89 3155 168 3236 quid
183 3154 301 3216 Psecas
315 3151 472 3214 admisit?
498 3170 661 3232 quaenam
675 3158 726 3212 est
740 3149 794 3212 hic
806 3148 904 3230 culpa
915 3148 1055 3230 puellae,
1088 3167 1131 3221 5³0

89 3263 117 3326 si
133 3262 196 3325 tibi
212 3260 381 3344 displicuit
399 3279 500 3322 nasus
517 3259 620 3321 tuus?
645 3258 749 3321 altera
765 3257 894 3320 laevum
1064 3262 1129 3328 (495)

90 3371 240 3434 extendit
257 3368 429 3452 pectitque
446 3388 558 3431 comas
575 3377 609 3430 et
626 3367 729 3429 volvit
747 3366 781 3428 in
800 3366 924 3428 orbem.

90 3490 142 3543 est
160 3480 194 3541 in
211 3477 350 3542 consilio
367 3486 519 3540 materna
535 3476 735 3557 admotaque
752 3474 837 3537 lanis

91 3587 230 3653 emerita
246 3607 332 3670 quae
349 3593 459 3650 cessat
475 3605 558 3662 acu;
584 3582 753 3647 sententia
769 3582 874 3664 prima

932 3715 949 3749 Ο
