2422 4006
465 113 611 160 SATVRA
637 112 707 160 XIII

403 381 532 438 uranx
563 380 755 453 Qvnrrvs

448 562 610 614 SATVRA
638 561 715 613 XIII

72 716 226 800 Exemplo
243 720 476 802 quodcumque
492 721 579 783 malo
596 721 818 784 committitur
835 721 898 803 ipsi

67 826 215 908 displicet
233 828 369 890 auctori.
420 829 525 910 prima
542 839 594 892 est
613 829 694 893 haec
711 830 795 892 ultio
812 831 901 912 quod
919 850 955 893 se

66 935 172 998 iudice
189 955 288 998 nemo
306 957 432 999 nocens
450 937 643 1012 absolvitur,
662 938 813 1020 improba
829 939 978 1019 quamvis

63 1044 171 1124 gratia
186 1043 297 1107 fallaci
314 1045 477 1126 praetoris
493 1046 611 1108 vicerit
629 1067 721 1110 urna.

63 1151 142 1234 quid
160 1153 286 1215 sentire
303 1163 401 1234 putas
419 1173 545 1230 omnes,
567 1155 714 1230 Calvine,
734 1156 861 1218 recenti

62 1260 104 1323 de
121 1261 249 1323 scelere
267 1271 299 1323 et
318 1261 396 1324 fidei
412 1263 554 1325 violatae
572 1262 733 1326 crimine?
787 1264 846 1325 sed
864 1283 926 1325 nec

62 1377 131 1430 tam
150 1368 263 1432 tenuis
281 1389 402 1432 census
420 1370 482 1433 tibi
499 1370 642 1452 contigit
661 1380 697 1432 ut
715 1371 892 1433 mediocris

62 1476 209 1539 iacturae
225 1485 260 1539 te
278 1487 407 1559 mergat
425 1498 518 1555 onus,
538 1499 600 1542 nec
617 1499 690 1541 rara
707 1479 858 1541 videmus

62 1605 148 1666 quae
164 1586 310 1666 pateris;
335 1606 432 1648 casus
450 1587 563 1650 multis
581 1587 635 1650 hic
653 1586 810 1668 cognitus
827 1607 865 1650 ac
883 1586 948 1649 iam

62 1693 162 1756 tritus
180 1702 213 1755 et
231 1713 249 1756 e
267 1693 377 1755 medio
394 1693 548 1756 fortunae
565 1695 687 1758 ductus
705 1715 833 1759 acervo

63 1820 226 1881 ponamus
243 1801 365 1864 nimios
383 1801 538 1883 gemitus.
589 1803 782 1884 flagrantior
799 1824 905 1885 aequo

64 1929 130 1970 non
147 1909 247 1971 debet
264 1909 359 1972 dolor
376 1929 450 1972 esse
467 1911 529 1972 viri
546 1930 608 1973 nec
625 1911 762 1973 vulnere
780 1912 894 1975 maior.

63 2025 99 2078 tu
117 2017 268 2098 quamvis
286 2017 409 2081 levium
427 2019 599 2080 minimam
617 2019 838 2100 exiguamque
855 2019 1016 2082 malorum

63 2125 258 2205 particulam
275 2126 330 2187 vix
347 2126 434 2188 ferre
452 2138 557 2207 potes
578 2127 811 2208 spumantibus
828 2128 949 2189 ardens

62 2233 255 2308 visceribus
275 2254 405 2297 sacrum
425 2234 484 2296 tibi
501 2235 589 2316 quod
606 2255 674 2297 non
692 2236 808 2297 reddat
826 2235 953 2298 amicus
1080 2255 1108 2306 15

63 2341 278 2421 depositum?
327 2351 440 2423 stupet
459 2343 541 2405 haec
559 2343 616 2424 qui
632 2343 697 2406 iam
715 2352 791 2425 post
808 2353 904 2425 terga
921 2342 1053 2424 reliquit

63 2448 237 2530 sexaginta
254 2469 360 2512 annos
379 2450 522 2513 Fonteio
540 2450 678 2514 consule
696 2452 818 2514 natus?

61 2571 103 2612 an
122 2550 203 2612 nihil
221 2551 254 2613 in
272 2551 392 2613 melius
410 2560 459 2613 tot
478 2572 588 2615 rerum
606 2553 736 2634 proficit
755 2554 841 2616 usu?

62 2680 184 2741 magna
200 2659 343 2741 quidem,
364 2661 466 2722 sacris
485 2681 570 2741 quae
587 2662 643 2723 dat
662 2671 842 2743 praecepta
858 2661 989 2735 libellis,

61 2766 181 2830 victrix
197 2767 353 2830 fortunae
371 2767 553 2848 sapientia3
579 2770 732 2832 ducimus
749 2780 862 2832 autem
1079 2801 1110 2834 20

61 2876 122 2938 hos
139 2896 271 2957 quoque
287 2875 414 2950 felices,
434 2877 490 2958 qui
506 2876 595 2939 ferre
612 2877 823 2940 incommoda
838 2878 927 2940 vitae

61 3004 123 3047 nec
141 2984 265 3047 iactare
283 2985 397 3066 iugum
415 2985 483 3047 vita
500 2985 646 3048 didicere
664 2985 833 3068 magistra.

61 3111 147 3173 quae
163 3101 232 3155 tam
249 3092 339 3154 festa
355 3093 437 3167 dies,
456 3103 492 3155 ut
512 3105 623 3157 cesset
642 3094 782 3175 prodere
798 3093 908 3157 furem

61 3200 234 3281 perfidiam
252 3201 387 3264 fraudes
404 3211 505 3283 atque
522 3203 613 3264 omni
631 3222 670 3264 ex
688 3201 826 3264 crimine
842 3203 971 3265 lucrum

61 3308 251 3390 quaesitum
270 3320 303 3371 et
321 3319 435 3390 partos
453 3309 564 3391 gladio
580 3308 634 3371 vel
651 3309 773 3392 pyxide
790 3310 967 3372 nummos?
1078 3338 1108 3389 ²5

62 3417 126 3479 rari
143 3417 266 3499 quippe
283 3417 370 3480 boni.
421 3437 578 3479 numera:
603 3418 657 3479 vix
675 3428 753 3480 sunt
771 3418 911 3480 totidem
929 3427 1010 3498 quot
