2422 4006
497 275 644 323 SATVRA
669 275 737 322 VIII

71 445 221 539 [credite
238 465 292 507 me
307 443 401 507 vobis
418 443 534 506 folium
553 442 695 506 recitare
714 434 871 527 Sibyllae.

93 554 122 616 si
138 552 203 616 tibi
220 561 338 615 sancta
354 552 473 615 cohors
490 551 661 626 comitum,
680 550 709 614 si
726 571 826 614 nemo
842 553 988 616 tribunal

92 661 208 724 vendit
226 680 464 734 acersecomes,
483 660 511 722 si
529 659 656 722 nullum
674 658 708 721 in
726 659 869 742 coniuge
886 662 1010 725 crimen

94 789 155 833 nec
173 789 233 851 per
249 777 436 833 conventus
454 777 487 831 et
505 777 628 831 cuncta
643 788 703 849 per
719 769 840 850 oppida
856 771 965 833 curvis

93 878 263 960 unguibus
281 876 329 939 ire
345 885 439 957 parat
457 896 612 938 nummos
630 886 766 957 raptura
784 876 940 952 Celaeno

93 995 130 1048 tu
147 986 224 1049 licet
242 1007 262 1048 a
280 985 356 1048 Pico
373 1004 529 1047 numeres
546 1004 663 1066 gen-us,
682 985 815 1067 altaque
833 986 862 1049 si
878 995 913 1048 te

94 1093 230 1156 nomina
246 1092 424 1167 delectant,
443 1112 576 1155 omnem
593 1092 750 1155 Titanida
767 1115 912 1176 pugnam

94 1202 182 1266 inter
198 1201 340 1264 maiores
357 1201 533 1283 ipsumque
551 1201 750 1264 Promethea
766 1223 890 1283 ponas3

94 1311 134 1373 de
151 1329 362 1392 quocumque
378 1309 470 1372 voles
490 1330 648 1390 proavum
666 1309 728 1372 tibi
745 1311 869 1374 sumito
885 1311 979 1376 libro.

94 1419 181 1501 quod
199 1417 228 1480 si
244 1417 461 1499 praecipitem
480 1418 563 1499 rapit
581 1417 721 1481 ambitio
738 1428 839 1500 atque
856 1419 967 1494 libid0,

94 1526 121 1589 si
135 1526 265 1608 frangis
283 1525 394 1608 virgas
412 1525 577 1595 sociorum
595 1526 628 1588 in
646 1527 820 1609 sanguine,
841 1527 869 1590 si
885 1537 920 1590 te

94 1634 263 1698 delectant
281 1634 421 1697 hebetes
438 1633 526 1697 lasso
543 1633 660 1697 lictore
678 1655 822 1710 secureS,

93 1742 209 1824 incipit
227 1742 374 1824 ipsorum
392 1752 510 1805 contra
526 1753 560 1806 te
577 1752 667 1806 stare
683 1754 858 1824 parentum

93 1851 249 1915 nobilitas
266 1851 455 1933 claramque
472 1852 580 1914 facem
598 1851 767 1933 praeferre
784 1854 974 1935 pudendis.‘

93 1979 192 2023 omne
209 1959 312 2022 animi
328 1959 446 2022 vitium
464 1969 558 2022 tanto
577 1960 790 2041 conspectius
808 1961 841 2022 in
860 1981 896 2024 se

93 2069 219 2131 crimen
236 2069 348 2142 habet,
367 2077 492 2150 quanto
510 2069 615 2130 maior
631 2069 688 2150 qui
705 2078 821 2150 peccat
839 2070 990 2134 habetur.
1050 2044 1055 2057 ¹

94 2197 159 2259 quo
176 2175 259 2238 mihi
275 2185 311 2239 te
328 2176 463 2239 solitum
480 2175 583 2238 falsas
601 2176 735 2258 signare
751 2177 891 2240 tabellas

93 2284 128 2346 in
144 2284 280 2366 templis
297 2304 384 2367 quae
398 2284 481 2347 fecit
498 2305 589 2359 avus,
609 2293 822 2366 statuamque
840 2288 987 2367 parentis

93 2402 173 2456 ante
189 2393 448 2475 triumphalem?
497 2414 571 2475 qu0,
591 2393 619 2456 si
636 2403 821 2456 nocturnus
839 2395 969 2458 adulter

93 2510 245 2582 tempora
263 2500 445 2564 Santonico
462 2500 553 2564 velas
569 2502 729 2583 adoperta
746 2502 900 2565 cucullo?

140 2609 276 2672 Praeter
292 2609 453 2672 maiorum
471 2609 599 2673 cineres
617 2620 717 2692 atque
734 2630 811 2673 ossa
826 2612 952 2675 volucri

93 2726 253 2799 carpento
270 2717 397 2798 rapitur
412 2717 547 2799 pinguis
566 2719 762 2793 Lateranus,
782 2727 814 2780 et
833 2719 913 2800 ipse,

93 2825 165 2907 ipse
182 2836 289 2888 rotam
307 2826 486 2908 adstringit
504 2827 692 2889 sufflamine
709 2827 811 2890 mulio
828 2830 954 2903 consul,

92 2943 193 2998 nocte
209 2933 354 3017 quidem,
374 2936 433 2997 sed
450 2934 528 2997 luna
544 2935 643 3010 videt,
662 2936 721 2997 sed
739 2937 847 2998 sidera
864 2945 969 3000 testes

92 3042 273 3105 intendunt
291 3042 416 3106 oculos.
466 3043 596 3105 finitum
615 3053 748 3124 tempus
767 3044 902 3107 honoris

92 3171 168 3214 cum
185 3150 297 3226 fuerit,
317 3151 405 3214 clara
423 3152 609 3214 Lateranus
627 3152 701 3215 luce
718 3152 885 3234 flagellum

91 3267 203 3323 sumet
221 3268 255 3322 et
272 3280 447 3323 occursum
465 3281 645 3342 numquam
664 3261 845 3342 trepidabit
862 3261 961 3325 amici

91 3367 157 3431 iam
175 3367 267 3431 senis
284 3388 322 3430 ac
338 3368 432 3450 virga
448 3369 537 3449 prior
553 3370 687 3443 adnuet,
706 3379 808 3452 atque
825 3370 988 3451 maniplos

90 3475 199 3541 solvet
217 3485 251 3538 et
269 3475 424 3539 infundet
441 3477 601 3540 iumentis
618 3479 741 3541 hordea
758 3477 864 3541 lassis

90 3584 231 3659 interea,
249 3584 328 3647 dum
345 3584 474 3648 lanatas
492 3586 676 3668 robumque
692 3586 868 3648 iuvencum
911 3625 913 3631 ·
