2422 4006
497 293 644 342 SATVRA
669 294 707 342 VI

80 459 206 522 levibus
225 460 362 524 athletis
380 470 413 523 et
430 482 509 525 vasa
525 463 706 526 novissima
723 464 843 530 donat:

79 565 266 632 multis'res
282 577 427 651 angusta
442 570 541 645 domi,
561 572 620 634 sed
638 571 727 634 nulla
743 573 904 654 pudorem

78 677 287 759 paupertatis
304 677 404 741 habet
422 698 484 742 nec
501 698 538 741 se
555 679 693 742 metitur
709 681 750 743 ad
768 679 860 743 illum
1036 762 1038 771 Ι

77 807 177 869 quem
192 785 283 849 dedit
297 785 380 850 haec
389 787 569 870 posuitque
580 789 723 852 modum.
758 796 872 852 tamen
885 789 968 853 utile
979 790 1058 871 quid
1071 790 1124 866 sit,

77 895 289 978 prospiciunt
306 895 482 978 aliquando
498 895 570 970 viri,
588 897 763 979 frigusque
778 897 969 980 famemque
1079 905 1127 970 360

76 1004 218 1067 formica
234 1005 371 1080 tandem
387 1005 521 1087 quidam
538 1024 702 1087 expavere
718 1006 879 1088 magistra
896 1029 902 1069 :

77 1113 219 1194 prodiga
235 1133 302 1176 non
320 1113 423 1176 sentit
440 1123 636 1194 pereuntem
653 1113 779 1177 femina
795 1134 944 1178 censum.

78 1241 115 1284 ac
132 1221 226 1284 velut
242 1221 404 1284 exhausta
420 1221 586 1284 redivivus
603 1221 744 1304 pullulet
761 1243 837 1286 arca
941 1298 944 1302 Α
1034 1227 1037 1232 ’

78 1349 237 1393 nummus
254 1338 288 1392 et
305 1350 324 1392 e
340 1329 439 1411 pleno
456 1329 594 1392 tollatur
610 1350 743 1412 semper
759 1352 886 1406 acervo

78 1459 145 1502 non
164 1458 304 1520 usquam
322 1447 480 1519 reputant
497 1438 615 1520 quanti
630 1439 693 1502 sibi
710 1440 832 1521 gaudia
849 1450 1015 1503 constent.
1077 1446 1126 1513 3⁶5

79 1547 133 1609 *in
150 1566 361 1629 quacumque
378 1547 476 1609 domo
491 1546 573 1608 vivit
590 1547 741 1630 luditque
758 1548 931 1629 protessus

78 1655 272 1730 obscenum,
290 1654 433 1717 tremula
448 1655 612 1735 promittit
630 1664 664 1717 et
681 1656 793 1718 omnia
810 1657 935 1730 dextra,

80 1764 231 1827 invenies
248 1763 357 1826 omnis
374 1772 489 1844 turpes
507 1763 700 1845 similesque
717 1764 874 1828 cinaedis.

79 1873 131 1936 his
149 1872 273 1936 violare
290 1872 383 1935 cibos
400 1891 580 1954 sacraeque
597 1872 761 1935 adsistere
777 1893 914 1936 mensae

79 1981 288 2062 permittunt,
309 1989 342 2042 et
358 1999 438 2042 vasa
455 1979 570 2042 iubent
587 1979 775 2062 frangenda
790 1981 891 2044 lavari

80 2111 154 2152 cum
174 2089 384 2174 Colocyntha
400 2088 484 2152 bibit
501 2088 553 2151 vel
571 2109 646 2152 cum
665 2090 802 2152 barbata
821 2089 995 2153 Chelidon.

80 2199 194 2280 purior
210 2217 290 2279 ergo
307 2197 376 2259 tuis
392 2197 516 2259 laribus
535 2197 716 2280 meliorque
731 2198 863 2272 lanista,
1074 2183 1076 2189 ⁴

81 2307 113 2368 in
131 2307 225 2370 cuius
243 2326 382 2368 numero
398 2305 497 2386 longe
515 2306 658 2387 migrare
675 2307 808 2369 iubetur

81 2415 270 2478 Psellusab
288 2415 463 2496 Euphon0.
513 2415 592 2496 quid
608 2415 696 2495 quod
713 2435 775 2478 nec
793 2415 876 2477 retia
894 2416 982 2496 turpi

80 2523 268 2606 iunguntur
283 2524 417 2586 tunicae
434 2542 496 2585 nec
513 2522 597 2585 cella
613 2523 706 2604 ponit
724 2524 839 2585 eadem

79 2631 289 2694 munimenta
306 2631 411 2694 umeri
429 2631 685 2712 pulsantemque
702 2651 792 2693 arma
809 2631 988 2696 tridentem

78 2740 134 2821 qui
152 2740 263 2802 nudus
279 2758 429 2822 pugnare
446 2739 556 2801 solet?
605 2760 680 2820 pars
698 2740 815 2802 ultima
832 2739 901 2802 ludi

78 2848 200 2930 accipit
217 2849 278 2911 has
295 2848 423 2911 animas
440 2848 590 2929 aliusque
609 2848 642 2910 in
660 2868 792 2911 carcere
809 2868 940 2911 nervus.

78 2958 137 3021 sed
154 2957 217 3020 tibi
235 2975 446 3020 communem
464 2956 600 3019 calicem
618 2956 699 3019 facit
717 2976 798 3018 uxor
815 2966 848 3019 et
866 2955 930 3018 illis

77 3086 153 3130 cum
170 3065 293 3147 quibus
311 3064 482 3126 Albanum
502 3064 806 3146 Surrentinumque
823 3074 954 3126 recusat

77 3175 162 3237 flava
179 3173 306 3236 ruinosi
324 3173 401 3253 lupa
418 3173 597 3254 degustare
616 3172 769 3253 sepulcri.

76 3285 195 3348 horum
213 3283 361 3348 consiliis
378 3283 510 3345 nubunt
528 3282 726 3363 subitaeque
743 3282 913 3354 recedunt,

76 3394 127 3457 his
145 3396 361 3478 languentem
380 3394 526 3456 animum
544 3401 679 3454 servant
697 3400 730 3453 et
749 3390 833 3453 seria
849 3390 947 3463 vitae,

75 3505 126 3568 his
146 3505 276 3568 clunem
295 3513 395 3585 atque
413 3502 500 3565 latus
519 3502 652 3564 discunt
671 3500 800 3563 vibrare
817 3498 996 3580 magistris,

74 3639 90 3672 *
98 3637 148 3686 See
156 3637 221 3685 Intr.
231 3650 269 3684 20.
295 3635 351 3682 The
359 3634 404 3682 old
413 3633 569 3696 numbering
576 3633 604 3680 ol
611 3633 655 3680 the
665 3647 751 3680 verses
758 3633 779 3680 is
788 3630 904 3679 retained
913 3631 939 3678 in
947 3630 1122 3692 parentheses.
