2422 4006
82 274 115 324 48
505 275 710 324 IVVENALIS

83 443 238 525 quicquid
256 453 429 524 praeterea
445 444 508 506 scit
526 443 584 525 qui
600 444 719 506 docet:
744 443 832 506 haud
850 454 965 507 tamen
981 444 1028 506 illi
1075 450 1115 515 ³⁸5

83 571 216 632 semper
232 550 385 614 habenda
401 551 494 614 fides
543 551 657 614 oculos
674 550 813 633 fuligine
829 551 938 633 pascit

82 658 262 722 distinctus
279 659 404 728 croceis
423 669 456 722 et
474 659 671 722 reticulatus
687 659 827 723 adulter.

83 777 259 848 suspectus
277 767 338 831 tibi
356 767 409 842 sit,
428 777 553 850 quanto
570 788 634 830 vox
651 767 780 830 mollior
796 778 829 830 et
848 788 914 850 quo

83 875 215 957 saepius
233 875 267 938 in
283 876 410 939 teneris
428 875 576 940 haerebit
594 877 731 938 dextera
745 876 878 939 lumbis,

84 983 138 1046 hic
155 984 218 1046 erit
237 984 269 1046 in
288 983 376 1048 lecto
392 984 607 1048 fortissimus.
657 984 746 1047 exuit
764 984 830 1047 illic

82 1109 260 1173 personam
277 1092 376 1156 docili
393 1093 497 1156 Thais
515 1094 636 1156 saltata
652 1092 833 1174 Triphallo,

83 1221 182 1282 quem
199 1201 310 1263 rides?
358 1201 431 1264 aliis
449 1202 538 1265 hunc
554 1202 702 1264 mimum.
753 1201 890 1284 sponsio
907 1203 973 1266 fiat.

82 1330 201 1390 purum
219 1317 253 1371 te
270 1311 438 1372 contendo
455 1310 571 1385 virum,
591 1310 769 1373 contendo.
815 1309 956 1372 fateris?

82 1437 124 1480 an
142 1427 238 1480 vocat
255 1417 393 1481 ancillas
410 1418 547 1481 tortoris
563 1417 724 1500 pergula?
773 1417 851 1479 novi

83 1524 222 1588 consilia
238 1536 272 1588 et
289 1526 411 1589 veteris
428 1546 657 1609 quaecumque
674 1526 819 1589 monetis
836 1526 954 1589 amici:
1077 1542 1117 1596 395

85 1646 191 1715 ‘pone
208 1652 325 1709 seram,
345 1633 483 1698 cohibe.’
524 1613 593 1696 ¹scd
609 1635 682 1716 quis
700 1633 867 1697 custodiat
885 1633 976 1715 ipsos

83 1743 240 1805 custodes
257 1742 313 1824 qui
328 1763 417 1805 nunc
435 1743 578 1806 lascivae
594 1743 684 1805 furta
701 1742 831 1824 puellae

83 1851 145 1913 hac
162 1851 316 1913 mercede
333 1851 456 1914 silent?
505 1851 632 1914 crimen
649 1871 828 1914 commune
844 1860 984 1914 tacetur.

82 1959 243 2040 prospicit
261 1959 324 2022 hoc
340 1960 486 2040 prudens
505 1969 538 2022 et
555 1960 596 2022 ab
614 1958 679 2021 illis
697 1959 812 2040 incipit
830 1980 921 2022 uxor.

130 2067 216 2130 Sunt
234 2088 316 2150 quas
334 2068 479 2131 eunuchi
497 2067 635 2130 inbelles
653 2088 691 2130 ac
709 2067 821 2130 mollia
838 2087 971 2149 semper
996 2072 1066 2138 (366)
1078 2084 1120 2131 400

83 2177 197 2239 oscula
213 2175 382 2238 delectent
400 2185 434 2238 et
451 2175 640 2257 desperatio
658 2176 780 2238 barbae
862 2185 864 2190 ’

83 2294 117 2348 et
134 2285 222 2367 quod
239 2285 390 2348 abortivo
407 2305 473 2346 non
492 2293 543 2346 est
562 2304 654 2366 opus.
704 2284 762 2347 illa
776 2285 929 2365 voluptas

83 2414 213 2456 summa
229 2402 351 2467 tamen,
370 2394 458 2474 quod
476 2392 541 2454 iam
559 2391 665 2455 calida
684 2402 814 2455 matura
830 2392 965 2455 iuventa

83 2501 221 2583 inguina
237 2502 415 2563 traduntur
431 2500 577 2575 medicis
598 2500 813 2582 iampectine
830 2500 946 2582 nigro;
1057 2504 1121 2570 (370)

83 2630 162 2691 ergo
180 2618 349 2691 spectatos
367 2630 405 2672 ac
422 2609 532 2671 iussos
551 2628 701 2672 crescere
719 2610 861 2690 primum
1079 2623 1123 2676 405

81 2716 266 2792 testiculos,
285 2726 462 2799 postquam
480 2728 663 2798 coeperunt
682 2737 756 2780 esse
773 2716 918 2791 bilibres,

81 2825 228 2889 tonsoris
246 2826 366 2888 damno
384 2834 515 2887 tantum
533 2825 617 2906 rapit
637 2824 849 2887 Heliodorus.
1058 2829 1123 2896 (373)

61 2946 62 2949 ’
82 2955 284 3016 mangonum
302 2953 422 3015 pueros
439 2953 516 2995 vera
533 2954 570 2996 ac
588 2933 788 2996 miserabilis
805 2933 871 2994 urit

81 3042 246 3117 debilitas,
265 3041 420 3123 follisque
437 3041 540 3123 pudet
558 3041 743 3123 cicerisque
760 3041 877 3104 relicti.

82 3151 283 3233 conspicuus
299 3151 400 3233 longe
417 3149 614 3232 cunctisque
632 3149 789 3213 notabilis
807 3149 908 3212 intrat
997 3156 1066 3221 (374)
1080 3168 1125 3215 410

81 3260 200 3323 balnea
217 3281 279 3324 nec
296 3261 396 3323 dubie
413 3261 587 3323 custodem
604 3258 681 3321 vitis
699 3269 732 3322 et
750 3257 839 3320 horti
962 3243 973 3266 “
1058 3264 1123 3330 (375)

81 3379 239 3451 provocat
256 3390 276 3432 a
291 3371 425 3433 domina
440 3371 551 3434 factus
569 3370 681 3450 spado.
730 3365 872 3429 dormiat
890 3364 945 3428 ille

82 3500 156 3542 cum
174 3480 316 3555 domina,
337 3481 395 3542 sed
412 3489 449 3542 tu
466 3479 531 3542 iam
550 3479 679 3551 durum,
700 3477 867 3550 Postume,
887 3475 1019 3556 iamque

81 3587 288 3651 tondendum
306 3588 461 3651 eunucho
479 3587 649 3649 Bromium
668 3585 879 3648 committere
896 3583 973 3646 noli.
