2422 4006
469 282 615 331 SATVRA
641 283 712 330 XIII

62 450 206 513 arbitrio
224 473 231 513 ε
256 460 368 514 manet
386 450 442 513 illa
458 460 572 514 tamen
590 450 719 514 iactura
734 471 797 514 nec
815 471 973 534 umquam

63 559 258 642 depositum
275 559 336 623 tibi
352 579 470 641 sospes
487 560 560 634 erit,
581 560 639 622 sed
656 580 796 642 corpore
811 570 932 623 trunco

65 668 232 731 invidiosa
248 667 340 731 dabit
357 667 515 731 minimus
534 668 655 731 solacia
672 668 818 750 sanguis.

68 786 125 839 ‘at
143 776 291 840 vindicta
306 777 432 840 bonum
449 775 519 839 vita
535 776 710 839 iucundius
728 775 819 858 ipsa!
1070 793 1117 842 180

66 904 192 967 nempe
209 884 272 948 hoc
290 872 425 960 indocti,
441 905 580 967 quorum
597 885 790 966 praecordia
806 884 906 948 nullis

68 993 239 1056 interdum
256 1001 313 1055 aut
331 991 461 1056 levibus
477 992 591 1056 videas
608 993 786 1074 flagrantia
803 993 933 1070 causis;

68 1101 372 1185 quantulacumque
388 1102 471 1164 adeo
489 1112 540 1164 est
558 1101 690 1165 occasio
708 1101 830 1165 sufficit
848 1100 935 1164 irae:

70 1209 281 1294 Chrysippus
298 1230 367 1271 non
383 1209 473 1273 dicet
490 1209 577 1272 idem
596 1230 659 1272 nec
677 1209 759 1272 mite
775 1209 928 1272 Thaletis

68 1318 242 1402 ingenium
259 1318 414 1400 dulcique
431 1338 533 1381 senex
549 1318 679 1381 vicinus
698 1319 873 1402 Hymetto,
1072 1333 1116 1397 185

69 1427 129 1510 qui
145 1435 275 1509 partem
292 1436 450 1508 acceptae
467 1446 566 1489 saeva
583 1426 671 1489 inter
687 1426 796 1490 vincla
814 1426 942 1489 cicutae

68 1535 257 1600 accusatori
274 1534 378 1598 nollet
395 1536 483 1599 dare.
533 1535 675 1617 plurima
690 1535 770 1598 felix

69 1643 232 1726 paulatim
248 1642 330 1706 vitia
345 1653 446 1725 atque
463 1664 593 1707 errores
611 1644 701 1707 exuit
719 1665 844 1718 omneS,

69 1753 179 1834 prima
194 1753 292 1815 docet
310 1761 439 1815 rectum
457 1751 629 1834 sapientia.
680 1752 803 1835 quippe
820 1752 941 1814 minuti

70 1880 205 1943 semper
221 1869 254 1923 et
272 1860 394 1923 infirmi
411 1869 463 1924 est
480 1861 583 1924 animi
600 1862 778 1944 exiguique
794 1861 947 1943 voluptas
1071 1890 1117 1940 190

70 1969 164 2033 ultio.
214 1968 374 2032 continuo
391 1968 439 2033 sic
456 1970 585 2052 collige,
605 1971 692 2052 quod
709 1969 859 2032 vindicta
911 2023 917 2038 .

70 2098 171 2141 nemo
188 2077 294 2160 magis
311 2078 434 2159 gaudet
449 2099 548 2160 quam
564 2078 700 2142 femina.
750 2098 809 2140 cur
824 2086 937 2140 tamen
955 2078 1016 2139 hos
1034 2087 1072 2139 tu

71 2186 220 2249 evasisse
236 2195 345 2267 putes,
365 2206 447 2267 quos
464 2186 527 2249 diri
544 2186 678 2250 conscia
693 2186 775 2249 iacti

70 2314 168 2357 mens
185 2294 286 2357 habet
304 2293 467 2356 attonitos
485 2303 518 2356 et
536 2295 637 2358 surdo
654 2295 793 2357 verbere
810 2294 918 2357 caedit

71 2403 240 2466 occultum
258 2400 432 2484 quatiente
448 2402 559 2465 animo
576 2413 703 2465 tortore
719 2401 911 2483 flagellum?
1071 2430 1117 2482 195

21 2537 25 2546 ’
70 2531 180 2593 poena
195 2519 309 2573 autem
326 2510 509 2573 vehemens
527 2531 564 2574 ac
582 2511 688 2573 multo
706 2510 837 2573 saevior
853 2510 917 2572 illis

70 2639 153 2701 quas
170 2628 204 2681 et
223 2617 399 2708 Caedicius
417 2619 528 2700 gravis
547 2619 674 2682 invenit
692 2629 725 2681 et
745 2619 1033 2692 Rhadamanthus,

70 2736 171 2790 nocte
188 2726 308 2809 dieque
326 2747 423 2789 suum
440 2737 574 2808 gestare
591 2728 624 2789 in
642 2736 778 2808 pectore
794 2737 927 2790 testem.

71 2835 238 2918 Spartano
256 2835 386 2899 cuidam
405 2836 578 2917 respondit
597 2836 717 2920 Pythia
733 2844 827 2897 vates

68 2945 159 3007 haud
176 2944 365 3025 inpunitum
382 2945 549 3026 quondam
563 2945 636 3007 fore
652 2944 740 3026 quod
757 2944 925 3007 dubitaret
1070 2973 1118 3007 200

69 3052 260 3134 depositum
279 3052 423 3115 retinere
441 3061 475 3115 et
491 3053 644 3115 fraudem
662 3052 733 3115 iure
750 3051 837 3114 tueri

68 3160 218 3225 iurando
268 3162 449 3242 quaerebat
467 3161 556 3223 enim
575 3181 661 3243 quae
678 3159 825 3222 numinis
842 3168 932 3222 esset

68 3288 165 3331 mens
183 3277 216 3331 et
233 3288 276 3331 an
294 3269 357 3331 hoc
375 3267 421 3330 illi
438 3269 570 3332 facinus
587 3269 742 3331 suaderet
760 3266 893 3348 Apollo.

69 3376 211 3440 reddidit
229 3396 308 3459 ergo
326 3386 427 3452 metu,
447 3398 513 3439 non
532 3377 689 3451 moribus,
709 3386 873 3439 ettamen
891 3396 1024 3438 omnem

67 3504 185 3548 vocem
203 3485 295 3570 adyti
312 3485 448 3567 dignam
465 3487 590 3567 templo
607 3505 787 3567 veramque
805 3484 958 3566 probavit
991 3552 993 3556 ,
1070 3512 1117 3562 205

69 3593 257 3657 exstinctus
274 3603 347 3656 tota
363 3594 487 3674 pariter
504 3614 579 3656 cum
590 3593 690 3674 'prole
708 3595 872 3674 domoque
