2422 4006
498 288 643 338 SATVRA
668 290 707 336 VI
1092 289 1122 340 51

80 460 177 523 turba
193 468 294 533 tacet,
314 478 376 521 nec
393 456 580 521 causidicus
597 477 659 521 nec
675 478 796 539 praeco
813 458 975 541 loquetur,
1076 479 1124 533 475

79 566 184 630 altera
200 586 264 629 nec
281 565 409 630 mulier.
456 566 630 628 verborem
646 575 741 629 tanta
757 567 845 630 cadit
861 567 921 641 vis,
1052 576 1122 640 (440)

78 684 129 738 tot
146 675 272 756 pariter
287 674 402 756 pelves
417 694 457 737 ac
473 673 699 737 tintinnabula
715 675 804 737 dicas

79 783 215 865 pulsari.
265 782 329 845 iam
346 802 446 846 nemo
463 769 571 858 tubas,
591 803 690 847 nemo
707 803 784 846 aera
800 783 940 865 fatiget:

79 912 147 954 una
162 890 328 954 laboranti
344 891 465 972 poterit
484 911 678 955 succurrere
695 892 803 955 lunae.

79 999 223 1080 imponit
240 998 341 1062 finem
359 999 492 1081 sapiens
509 1008 542 1062 et
560 1001 659 1063 rebus
676 1000 844 1077 honestis;
1076 1011 1124 1071 480

78 1129 157 1170 nam
175 1129 260 1190 quae
276 1109 375 1171 docta
391 1108 490 1171 nimis
508 1109 600 1190 cupit
617 1118 650 1171 et
667 1108 811 1171 facunda
826 1109 939 1185 videri,
1053 1119 1123 1184 (445)

79 1236 177 1280 crure
193 1218 294 1279 tenus'
310 1216 420 1279 medio
436 1217 568 1280 tunicas
584 1217 780 1299 succingere
796 1218 906 1293 debet,

80 1325 221 1388 caedere
240 1324 375 1388 Silvano
392 1342 540 1406 porcum,
558 1327 744 1408 quadrante
761 1325 872 1390 lavari.

80 1455 149 1497 non
166 1433 287 1496 habeat
305 1443 467 1508 matrona,
487 1434 549 1497 tibi
566 1454 651 1516 quae
668 1434 781 1497 iuncta
797 1436 970 1510 recumbit,

81 1541 215 1605 dicendi
231 1562 348 1624 genus,
367 1551 424 1605 aut
442 1562 580 1605 curvum
597 1562 752 1605 sermone
769 1551 877 1606 rotato
1076 1551 1125 1615 485

81 1659 236 1733 torqueat
254 1651 477 1734 enthymema,
497 1671 560 1714 nec
576 1651 733 1714 historias
750 1652 832 1714 sciat
850 1671 976 1726 omneS,
1053 1660 1123 1725 (450)

83 1759 141 1821 sed
158 1747 320 1840 quaedam
339 1779 379 1821 ex
395 1758 488 1822 libris
506 1769 539 1822 et
557 1780 623 1821 non
640 1759 823 1841 intellegat.
873 1760 928 1822 odi

82 1867 168 1930 hanc
186 1887 249 1948 ego
266 1887 350 1948 quae
367 1867 489 1949 repetit
506 1868 676 1950 volvitque
694 1868 900 1931 Palaemonis
918 1878 1022 1931 artem

83 1984 214 2038 servata
230 1995 363 2057 semper
379 1976 454 2058 lege
471 1986 504 2038 et
523 1976 650 2039 ratione
667 1976 823 2058 loquendi

84 2083 283 2166 ignotosque
300 2083 380 2145 mihi
397 2093 490 2146 tenet
508 2085 693 2166 antiquaria
709 2105 825 2148 versus
1079 2107 1127 2156 490

81 2213 144 2256 nec
162 2192 308 2256 curanda
324 2191 404 2254 viris
422 2192 537 2273 opicae
553 2194 696 2274 castigat
712 2194 837 2256 amicae
1056 2201 1125 2266 (455)

83 2302 183 2364 verba
200 2323 207 2364 ε
232 2300 466 2363 soloecismum
484 2300 582 2363 liceat
599 2301 721 2364 iecisse
738 2302 867 2366 marito,

129 2409 187 2471 Nil
204 2429 271 2471 non
289 2409 454 2490 permittit
472 2408 590 2472 mulier
608 2409 679 2483 sibi,
699 2419 798 2491 turpe
814 2420 909 2491 putat
926 2411 983 2485 nil,

84 2538 157 2580 cum
174 2517 297 2580 virides
315 2538 464 2600 gemmas
482 2518 567 2580 collo
584 2517 802 2580 circumdedit
820 2528 946 2582 etcum

83 2626 217 2688 auribus
235 2626 381 2689 extentis
400 2647 539 2708 magnos
558 2625 724 2689 commisit
742 2627 899 2690 elenchos
916 2648 923 2704 ;
1078 2648 1127 2699 495

83 2733 325 2798 intolerabilius
342 2735 425 2797 nihil
443 2745 494 2799 est
511 2755 609 2817 quam
626 2734 751 2796 femina
767 2735 868 2798 dives
1054 2741 1124 2806 (460)

84 2841 213 2904 interea
228 2842 328 2905 foeda
343 2852 481 2925 aspectu
499 2843 702 2924 ridendaque
720 2842 824 2905 multo

83 2970 168 3030 pane
185 2958 293 3013 tumet
310 2951 413 3015 iacies
430 2961 487 3014 aut
505 2951 641 3033 pinguia
659 2952 855 3033 Poppaeana

84 3058 197 3140 spirat,
217 3068 251 3121 et
269 3059 346 3123 hinc
364 3060 478 3123 miseri
495 3060 666 3125 viscantur
682 3060 774 3124 labra
790 3059 900 3122 mariti
918 3082 924 3122 τ

82 3168 122 3230 ad
140 3168 317 3231 moechum
335 3168 403 3232 lota
418 3170 558 3233 veniunt
577 3180 662 3233 cute.
712 3169 845 3252 quando
862 3168 966 3231 videri
1081 3188 1128 3239 500

83 3277 152 3339 vult
169 3277 317 3340 formosa
333 3278 445 3341 domi?
471 3280 619 3343 moechis
636 3278 752 3341 foliata
768 3287 935 3359 parantur,
1054 3284 1123 3349 (465)

83 3385 134 3448 his
152 3386 274 3449 emitur
292 3386 452 3468 quidquid
469 3387 610 3469 graciles
628 3387 693 3450 huc
711 3387 844 3450 mittitis
863 3387 946 3449 Indi.

82 3495 219 3557 tandem
232 3494 338 3576 aperit
355 3495 486 3558 vultum
505 3507 538 3558 et
555 3495 697 3559 tectoria
713 3495 819 3578 prima
835 3495 975 3576 reponit,

83 3601 196 3684 incipit
214 3603 361 3685 agnosci,
380 3613 481 3686 atque
498 3603 554 3667 illo
571 3604 658 3667 lacte
677 3603 810 3668 fovetur
