2422 4006
488 300 635 347 SATVRA
660 299 714 347 XII

80 471 142 532 iret
160 479 194 532 et
211 490 231 532 a
247 468 365 551 grandi
382 468 494 532 cervix
511 467 663 530 ferienda
680 467 834 530 ministro

80 579 122 640 ob
140 577 284 639 reditum
303 576 502 658 trepidantis
519 576 628 639 adhuc
645 576 877 658 horrendaque
894 575 984 658 passi

80 705 187 767 nuper
204 694 238 747 et
255 684 454 748 incolumem
474 704 549 747 sese
565 684 719 747 mirantis
735 684 842 748 amici.

80 814 157 856 nam
175 802 307 875 praeter
324 792 434 874 pelagi
452 813 549 855 casus
567 802 600 855 et
617 792 769 856 fulminis
787 793 873 856 ictus
958 868 959 871 Ἴ

80 902 197 965 evasit.
246 902 370 965 densae
388 901 516 965 caelum
534 901 740 964 abscondere
758 901 917 964 tenebrae

80 1011 170 1074 nube
187 1031 253 1072 una
269 1009 468 1091 subitusque
485 1018 660 1073 antemnas
678 1009 797 1091 inpulit
815 1009 912 1091 igniS,

81 1139 156 1182 curn
175 1139 212 1181 se
228 1117 370 1200 quisque
387 1117 443 1180 illo
461 1138 656 1199 percussum
675 1118 828 1181 crederet
846 1126 878 1180 et
896 1137 972 1179 mox

80 1226 246 1289 attonitus
263 1225 390 1288 nullum
409 1225 553 1288 conferri
570 1245 669 1307 posse
686 1235 819 1306 putaret

80 1334 290 1416 naufragium
308 1333 391 1396 velis
407 1333 611 1397 ardentibus,
661 1333 772 1396 omnia
790 1334 874 1396 liunt

80 1443 161 1506 talia
177 1451 245 1505 tam
263 1442 418 1525 graviter,
437 1443 466 1505 si
483 1443 614 1523 quando
631 1431 763 1523 poetica
780 1442 887 1524 surgit

80 1560 276 1632 tempestas.
325 1571 432 1632 genus
451 1570 529 1613 ecce
545 1549 634 1612 aliud
652 1550 855 1613 discriminis
872 1551 949 1613 audi

82 1669 115 1722 et
133 1659 290 1722 miserere
308 1659 438 1733 iterum,
458 1679 657 1740 quamquam
676 1658 744 1720 sint
761 1669 874 1721 cetera
891 1658 990 1720 sortis

82 1767 230 1830 eiusdem
249 1788 325 1848 pars
343 1767 414 1829 dira
431 1767 564 1848 quidem
582 1767 641 1829 sed
659 1766 795 1847 cognita
812 1765 925 1828 multis

83 1886 116 1938 et
134 1896 231 1957 quam
249 1875 361 1937 votiva
378 1884 548 1937 testantur
564 1874 643 1936 iana
659 1874 781 1936 tabella

82 1982 243 2065 plurima3
268 1983 414 2064 pictores
431 1983 506 2065 quis
523 1982 631 2045 nescit
649 1982 691 2044 ab
709 1982 799 2044 Iside
816 1982 932 2063 pasci?

82 2091 203 2154 accidit
222 2100 254 2152 et
272 2099 387 2153 nostro
405 2091 522 2153 similis
540 2091 676 2153 fortuna
694 2089 836 2153 Catullo,

84 2219 159 2261 curn
176 2199 296 2280 plenus
313 2199 418 2261 fluctu
436 2199 565 2261 medius
583 2198 671 2260 foret
690 2197 803 2260 alveus
822 2207 854 2260 et
873 2198 937 2259 iam

83 2306 248 2369 alternum
266 2307 387 2388 puppis
404 2307 492 2369 latus
510 2306 741 2369 evertentibus
759 2306 857 2368 undis

83 2415 210 2478 arboris
228 2415 384 2490 incertae,
404 2414 528 2477 nullam
546 2415 724 2495 prudentia
741 2413 815 2476 cani

84 2523 222 2586 rectoris
240 2543 315 2586 cum
333 2522 437 2585 ferret
455 2542 562 2604 opem,
582 2522 735 2585 decidere
752 2521 841 2584 iactu

83 2631 193 2713 coepit
212 2651 287 2694 cum
305 2631 424 2705 ventis,
444 2630 593 2692 imitatus
611 2639 743 2692 castora
759 2629 815 2710 qui
833 2650 869 2692 se

84 2740 274 2803 eunuchum
293 2739 364 2821 ipse
381 2739 462 2802 iacit
480 2738 618 2820 cupiens
636 2739 777 2800 evadere
794 2738 915 2800 damno
1097 2759 1128 2810 35

84 2847 252 2923 testiculi;
276 2848 358 2910 adeo
376 2847 576 2910 medicatum
595 2846 761 2927 intellegit
780 2846 912 2928 inguen.

85 2955 235 3019 ‘fundite
253 2975 337 3037 quae
355 2975 429 3018 mea
446 2955 542 3018 sunt'
562 2955 694 3018 dicebat
714 2953 873 3017 ‘cuncta'
894 2954 1045 3017 Catullus

83 3063 301 3145 praecipitare
318 3063 433 3126 volens
452 3063 551 3126 etiam
570 3063 800 3144 pulcherrima,
820 3073 948 3125 vestem

83 3192 283 3254 purpuream
300 3173 425 3234 teneris
442 3192 573 3253 quoque
592 3171 846 3234 Maecenatibus
863 3180 985 3252 aptam,

83 3291 182 3363 atque
199 3280 280 3343 alias
297 3300 436 3362 quarum
453 3280 608 3362 generosi
626 3279 785 3360 graminis
803 3279 912 3359 ipsum

84 3388 200 3452 infecit
217 3398 337 3451 natura
354 3409 465 3471 pecuS,
486 3389 545 3450 sed
563 3399 596 3450 et
615 3388 769 3469 egregius
785 3386 862 3449 fons

83 3498 208 3561 viribus
226 3497 366 3560 occultis
384 3507 416 3559 et
436 3498 592 3560 Baeticus
609 3497 742 3558 adiuvat
760 3515 824 3558 aer.

83 3605 138 3669 ille
155 3625 218 3669 nec
236 3613 413 3687 argentum
432 3606 606 3668 dubitabat
624 3605 767 3678 mittere,
787 3603 899 3666 lances
