2422 4006
456 271 602 319 SATVRA
626 272 696 319 VIII

54 439 127 520 quis
145 437 277 501 fructus
294 437 428 520 generis
446 438 560 502 tabula
577 439 700 503 iactare
718 443 830 523 capaci

56 545 246 621 Corvinum,
266 545 408 628 posthac
426 547 531 609 multa
548 547 745 631 contingere
763 550 856 633 virga

55 654 206 717 fumosos
223 654 371 736 equitum
390 674 466 717 cum
484 654 648 718 dictatore
665 657 853 740 magistros,

56 763 84 826 si
101 783 212 826 coram
232 763 370 843 Lepidis
388 763 474 826 male
490 763 638 827 vivitur?
665 765 792 848 effigies
809 787 875 849 quo

56 881 106 935 tot
124 872 332 947 bellatorum,
352 871 380 935 si
396 871 522 935 luditur
538 873 611 936 alea
627 894 753 955 pernox

56 989 134 1043 ante
151 981 389 1056 Numantinos,
409 981 437 1044 si
454 982 599 1044 dormire
616 982 737 1064 incipis
754 993 829 1047 ortu

56 1089 195 1160 luciferi,
214 1110 280 1172 quo
297 1089 394 1172 signa
410 1090 513 1153 duces
531 1100 564 1153 et
582 1100 690 1153 castra
707 1093 911 1155 movebant?

33 1242 36 1253 ·
57 1219 114 1261 cur
131 1197 356 1280 Allobrogicis
374 1207 408 1261 et
426 1219 547 1280 magna
563 1200 707 1281 gaudeat
724 1220 780 1263 ara

58 1315 154 1369 natus
172 1305 206 1368 in
225 1306 395 1369 Herculeo
414 1306 538 1369 Fabius
555 1306 632 1382 lare,
652 1308 680 1370 si
698 1308 847 1389 cupidus,
867 1310 895 1372 si

57 1434 162 1477 vanus
179 1423 213 1476 et
231 1415 393 1497 Euganea
409 1416 624 1497 quantumvis
641 1416 772 1478 mollior
788 1438 883 1499 agna,

58 1522 86 1585 si
101 1530 257 1585 tenerum
275 1522 413 1586 attritus
431 1522 605 1586 Catinensi
622 1525 756 1605 pumice
773 1524 922 1588 lumbum

58 1631 243 1712 squalentis
259 1631 404 1695 traducit
422 1652 502 1695 avos
520 1641 717 1714 emptorque
734 1634 855 1696 veneni

56 1739 243 1821 frangenda
259 1739 415 1802 miseram
433 1740 583 1803 funestat
602 1740 747 1823 imagine
764 1742 925 1824 gentem?

58 1856 129 1910 tota
145 1847 224 1911 licet
241 1856 373 1910 veteres
390 1858 553 1911 exornent
570 1849 719 1931 undique
737 1871 833 1913 cerae

57 1955 149 2031 atria,
168 1955 325 2018 nobilitas
343 1957 414 2019 sola
431 1967 481 2020 est
501 1967 601 2039 atque
620 1958 718 2022 unica
734 1959 849 2023 virtus.

59 2063 180 2127 Paulus
197 2065 250 2126 vel
268 2064 395 2128 Cossus
412 2065 464 2127 vel
483 2066 616 2128 Drusus
633 2066 782 2130 moribus
800 2077 882 2130 esto.

57 2172 118 2235 hos
134 2183 215 2236 ante
231 2173 359 2256 effigies
376 2173 538 2237 maiorum
556 2195 643 2255 pone
660 2185 802 2250 tuorum,

57 2281 258 2362 praecedant
277 2281 367 2363 ipsas
384 2282 431 2343 illi
448 2292 483 2345 te
501 2283 638 2346 consule
655 2283 775 2365 virgas.

57 2389 163 2470 prima
179 2389 261 2451 mihi
279 2391 382 2454 debes
399 2391 502 2452 animi
519 2391 615 2454 bona.
666 2400 803 2454 sanctus
821 2393 936 2455 haberi

57 2497 274 2580 iustitiaeque
291 2507 391 2561 tenax
407 2499 507 2562 iactis
524 2499 690 2581 dictisque
708 2500 869 2563 mereris?

57 2627 204 2689 agnosco
221 2627 404 2688 procerem.
454 2608 544 2670 salve
562 2608 746 2683 Gaetulice,
766 2628 825 2670 seu
843 2618 880 2671 tu

58 2715 203 2790 Silanus,
222 2735 432 2797 quocumque
449 2716 513 2778 alio
531 2718 572 2778 de
590 2717 763 2798 sanguine,
783 2737 875 2780 rarus

57 2823 139 2887 civis
157 2832 191 2886 et
209 2824 365 2906 egregius
384 2825 512 2905 patriae
529 2824 698 2907 contingis
715 2825 846 2901 ovanti;

57 2932 243 2995 exclamare
260 2932 352 3008 libet,
371 2933 513 3014 populus
532 2934 620 3014 quod
639 2933 758 2997 clamat
778 2933 868 2996 Osiri

58 3041 205 3104 invento.
255 3042 329 3123 quis
347 3042 436 3104 enim
455 3062 656 3124 generosum
675 3041 795 3104 dixerit
813 3041 978 3123 huncqui

58 3150 217 3232 indignus
234 3170 358 3233 genere
376 3160 409 3213 et
427 3151 595 3233 praeclaro
615 3151 750 3213 nomine
767 3159 898 3212 tantum
920 3213 926 3232 ‚

59 3260 226 3342 insignis?
252 3281 376 3323 nanum
394 3261 568 3324 cuiusdam
585 3260 727 3324 Atlanta
743 3280 911 3334 vocamus,

57 3368 265 3451 Aethiopem
284 3369 445 3453 Cycnum,
465 3391 598 3451 pravam
618 3379 850 3450 extortamque
867 3368 1010 3450 puellam

59 3477 237 3558 Europen;
262 3478 401 3541 canibus
419 3478 522 3560 pigris
541 3479 718 3559 scabicque
734 3486 869 3539 vetusta

58 3584 189 3650 levibus
207 3595 240 3648 et
258 3585 366 3648 siccae
383 3585 610 3650 lambentibus
628 3607 685 3649 ora
701 3585 857 3648 lucernae
