2422 4006
46 332 49 338 ,
81 293 112 342 54
502 290 708 338 ,IVVENALIS

82 459 191 535 Isidis,
210 459 346 541 antiquo
363 478 448 541 quae
465 459 614 540 proxima
630 459 738 540 surgit
755 458 843 523 ovili.
1075 463 1113 530 565

81 568 186 632 credit
203 567 292 630 enim
309 567 415 649 ipsius
432 566 587 630 dominae
603 587 641 630 se
656 587 739 632 voce
755 567 884 631 moneri
901 589 908 633 :
967 629 971 634 .
1031 633 1034 637 ,
1052 573 1113 641 (550)

81 696 121 739 en
140 676 284 739 animam
301 684 335 738 et
354 683 502 738 mentem
521 695 596 739 cum
613 695 678 757 qua
694 675 728 739 di
744 685 844 739 nocte
860 675 1056 758 loquantur!
1070 710 1087 743 ‚2

81 804 160 867 ergo
178 784 231 848 hic
249 784 463 866 praecipuum
481 786 716 866 summumque
733 785 1065 859 mereturhonorem,

80 893 137 976 qui
153 913 257 976 grege
273 893 414 975 linigero
431 893 655 956 circumdatus
673 901 707 955 et
723 912 827 975 grege
843 892 953 957 calvo
1032 976 1034 979 1
1107 943 1109 946 ,

81 1001 272 1085 plangentis
289 1001 403 1084 populi
421 1001 525 1064 currit
541 1001 669 1065 derisor
687 1000 828 1065 Anubis
1080 1023 1120 1075 57⁰

81 1109 135 1173 ille
151 1109 236 1191 petit
253 1110 394 1184 veniam,
412 1109 567 1192 quotiens
584 1129 651 1172 non
668 1109 815 1173 abstinet
833 1131 914 1173 uxor
1056 1116 1119 1182 (535)

81 1219 259 1282 concubitu
276 1218 380 1281 sacris
397 1217 681 1300 observandisque
697 1217 815 1281 diebus

80 1347 267 1409 magnaque
284 1327 425 1390 debetur
440 1325 563 1389 violato
580 1346 687 1407 poena
704 1327 846 1390 cadurco

81 1444 115 1498 et
132 1435 276 1498 movisse
293 1444 392 1516 caput
409 1434 481 1497 visa
498 1443 549 1497 est
562 1445 722 1517 argentea
739 1454 877 1518 serpens
891 1457 898 1512 ;

82 1543 169 1606 illius
186 1542 342 1606 lacrimae
358 1542 585 1624 meditataque
601 1558 770 1606 murmura
786 1553 961 1626 praestant
1079 1563 1119 1617 57⁵

81 1662 118 1715 ut
135 1651 265 1714 veniam
284 1651 401 1732 culpae
419 1671 485 1713 non
503 1651 637 1726 abnuat,
656 1671 775 1714 ansere
790 1672 912 1735 magno
1056 1657 1119 1726 (540)

82 1759 208 1823 scilicet
226 1769 258 1822 et
275 1759 370 1822 tenui
387 1779 519 1840 popano
536 1769 722 1841 corruptuS,
742 1759 862 1824 Osiris,

82 1889 157 1931 cum
174 1868 265 1931 dedit
284 1867 339 1930 ille
355 1867 475 1942 locum,
494 1868 637 1949 cophino
653 1868 821 1951 faenoque
837 1868 954 1933 relicto

81 1997 235 2041 arcanam
254 1977 377 2039 Iudaea
393 1985 542 2039 tremens
560 1976 727 2039 mendicat
745 1977 919 2053 inaurem,
1082 2060 1084 2067 ,

82 2085 248 2166 interpres
264 2085 375 2167 legum
395 2084 604 2168 Solymarum
622 2095 656 2148 et
673 2105 795 2167 magna
811 2086 966 2149 sacerdos
1080 2093 1120 2158 580

82 2193 208 2256 arboris
225 2214 263 2256 ac
281 2193 401 2256 summi
417 2192 482 2255 fida
498 2192 705 2256 internuntia
722 2193 814 2258 caeli.
1056 2200 1118 2267 (545)

82 2302 197 2382 implet
215 2310 248 2364 et
267 2301 322 2363 illa
338 2321 483 2376 manum,
503 2302 561 2363 sed
578 2301 728 2382 parcius;
755 2322 830 2365 aere
848 2302 978 2365 minuto

82 2410 335 2492 qualiacumque
351 2409 443 2472 voles
463 2409 578 2472 Iudaei
596 2410 724 2472 somnia
740 2410 899 2474 vendunt.

82 2520 225 2601 spondet
242 2528 424 2581 amatorem
442 2528 595 2581 tenerum
612 2518 664 2581 vel
681 2517 793 2581 divitis
811 2519 883 2582 orbi

81 2637 322 2690 testamentum
338 2627 458 2708 ingens
476 2625 600 2689 calidae
617 2626 774 2708 pulmone
792 2627 965 2691 columbae
1079 2633 1120 2699 585

81 2745 225 2799 tractato
242 2735 426 2797 Armenius
443 2735 496 2796 vel
514 2734 762 2817 Commagenus
780 2735 964 2818 haruspexe
1054 2741 1117 2808 (550)

81 2855 217 2926 pectora
234 2843 399 2925 pullorum
418 2843 602 2918 rimabitur,
622 2854 699 2906 exta
716 2844 835 2920 catelli,

82 2954 247 3016 interdum
266 2962 299 3014 et
317 2951 430 3033 pueri;
455 2951 557 3015 faciet
575 2952 663 3034 quod
681 2952 810 3016 deferat
826 2953 906 3034 ipse.

83 3061 259 3125 Chaldaeis
278 3063 337 3124 sed
354 3061 457 3124 maior
474 3061 537 3124 erit
554 3062 675 3125 fiducia
685 3083 692 3138 ;
719 3061 879 3143 quidquid

81 3171 201 3234 dixerit
218 3172 415 3254 astrologus
435 3173 571 3234 credent
589 3192 608 3234 a
625 3171 720 3233 fonte
736 3170 878 3233 relatum
1079 3190 1123 3241 590

84 3281 294 3356 Hammonis,
313 3280 468 3362 quoniam
486 3280 627 3362 Delphis
644 3280 776 3343 oracula
794 3287 928 3343 cessant
1056 3284 1121 3351 (555)

82 3399 115 3452 et
133 3409 240 3472 genus
258 3390 439 3452 humanum
457 3390 592 3452 damnat
611 3389 718 3471 caligo
733 3388 849 3451 futuri.

82 3497 281 3579 praecipuus
298 3508 411 3561 tamen
430 3507 481 3560 est
499 3498 626 3572 horum,
646 3497 702 3579 qui
721 3497 854 3578 saepius
873 3496 976 3572 exsul,

82 3607 176 3670 cuius
193 3605 337 3669 amicitia
354 3606 636 3688 conducendaque
653 3605 776 3668 tabella
