2422 4006
103 295 134 345 16
290 256 297 266 υ
523 297 725 346 IVVENALIS

105 463 262 528 Herculis
280 463 451 527 Antaeum
470 464 584 546 procul
602 486 621 527 a
637 464 756 528 tellure
773 465 931 540 tenentis,

104 572 242 634 miratur
258 592 374 635 vocem
392 581 578 654 angustam,
598 593 662 654 qua
679 572 827 636 deterius
844 593 907 636 nec

51 669 53 673 ¹
104 680 159 743 ille
176 689 273 743 sonat
290 700 356 762 quo
373 681 545 742 mordetur
561 680 685 762 gallina
701 680 845 743 marito?

104 790 185 852 haec
203 789 318 852 eadem
337 788 414 851 licet
433 797 466 850 et
484 788 580 850 nobis
598 788 741 863 laudare,
760 790 819 852 sed
838 788 903 852 illis

104 897 260 960 creditur.
309 917 351 959 an
370 896 496 972 melior,
510 917 592 960 cum
609 897 738 960 Thaida
754 897 900 962 sustinet
918 909 974 963 aut
992 921 1067 964 cum

105 1025 240 1068 uxorem
258 1006 438 1068 comoedus
454 1006 524 1088 agit
542 1004 594 1068 vel
614 1005 741 1069 Dorida
757 1006 850 1070 nullo

104 1113 227 1177 cultam
244 1112 403 1195 palliolo?
436 1113 554 1176 mulier
570 1133 691 1195 nempe
707 1114 780 1196 ipsa
795 1115 935 1190 videtur,
1114 1139 1145 1189 95

104 1243 170 1284 non
189 1241 331 1304 persona
347 1221 457 1303 loqui;
481 1241 585 1285 vacua
602 1231 635 1284 et
653 1220 752 1304 plana
768 1224 879 1286 omnia
896 1224 985 1287 dicas

104 1332 190 1393 infra
205 1329 429 1393 ventriculum
447 1339 481 1392 et
499 1330 592 1392 tenui
609 1330 770 1393 distantia
786 1331 881 1395 rima.-

104 1458 166 1502 nec
182 1449 297 1501 tamen
314 1436 505 1501 Antiochus
523 1459 585 1500 nec
603 1438 665 1500 erit
683 1438 841 1502 mirabilis
859 1439 925 1504 illic

104 1557 161 1610 aut
181 1545 365 1610 Stratocles
381 1555 439 1608 aut
456 1567 531 1608 cum
549 1545 640 1608 molli
658 1547 853 1610 Demetrius
873 1548 1025 1613 Haemo:

105 1656 196 1719 natio
213 1656 372 1745 comoeda
389 1664 451 1717 est.
501 1654 597 1729 rides,
617 1655 741 1718 maiore
758 1657 920 1719 cachinno

105 1763 314 1839 concutitur;
338 1762 406 1837 flet,
427 1763 455 1825 si
470 1763 623 1826 lacrimas
642 1764 815 1846 conspexit
833 1765 938 1839 amici,

104 1893 167 1935 nec
184 1871 295 1948 dolet;
319 1870 501 1952 igniculum
520 1872 658 1935 brumae
675 1872 703 1934 si
720 1881 870 1954 tempore
887 1894 1014 1954 poscas,

105 1979 225 2062 accipit
242 1979 488 2055 endromidem;
515 1980 543 2042 si
561 1979 683 2043 dixeris
704 1979 860 2054 ‘aestuo’
880 1983 987 2045 sudat.

105 2109 172 2151 non
189 2109 306 2151 sumus
322 2108 403 2170 ergo
420 2107 535 2169 pares:
562 2088 685 2163 melior,
704 2088 761 2170 qui
779 2108 910 2171 semper
927 2099 959 2152 et
977 2090 1069 2152 omni

105 2206 204 2260 nocte
221 2196 341 2278 dieque
358 2204 471 2277 potest
488 2194 596 2258 aliena
613 2215 745 2258 sumere
762 2196 890 2259 vultum
1102 2221 1148 2272 105

105 2326 125 2368 a
140 2304 235 2379 facie,
254 2304 377 2368 iactare
394 2324 522 2378 manus,
541 2303 674 2367 laudare
691 2313 836 2385 paratus,

106 2416 134 2479 si
151 2416 237 2479 bene
254 2415 406 2489 ructavit,
426 2414 454 2477 si
472 2423 601 2478 rectum
619 2415 739 2477 minxit
756 2415 893 2492 amicus

72 2595 75 2600 Α
106 2525 134 2587 si
152 2524 252 2587 trulla
268 2524 401 2586 inverso
419 2523 582 2604 crepitum
600 2523 692 2586 dedit
709 2543 809 2587 aurea
824 2524 939 2589 fundo.
962 2521 975 2543 ‘
1067 2532 1074 2537 '

105 2641 278 2714 praeterea
295 2640 448 2694 sanctum
466 2630 549 2694 nihil
566 2641 618 2695 est
636 2652 698 2695 nec
715 2631 757 2715 ab
775 2631 913 2715 inguine
929 2642 1049 2709 tutum,

106 2761 173 2803 non
190 2751 340 2803 matrona
356 2739 444 2814 laris,
464 2760 531 2802 non
548 2739 615 2803 filia
631 2739 734 2823 virg0,
753 2761 862 2823 neque
880 2741 951 2827 ipse
1102 2765 1148 2799 110

106 2868 248 2930 sponsus
266 2847 347 2911 levis
364 2847 481 2922 adhuc,
501 2868 568 2910 non
586 2848 674 2911 filius
690 2857 769 2911 ante
785 2849 946 2930 pudicus;

106 2958 225 3021 horum
243 2957 271 3019 si
288 2956 370 3019 nihil
388 2965 449 3030 est,
468 2956 575 3019 aviam
594 2956 765 3038 resupinat
783 2956 889 3020 amici.

107 3066 191 3129 scire
207 3065 323 3128 volunt
342 3075 472 3128 secreta
487 3066 606 3128 domus
622 3074 723 3147 atque
740 3065 817 3127 inde
833 3065 951 3129 timeri.

106 3183 139 3237 et
157 3174 312 3257 quoniam
330 3173 440 3254 coepit
459 3173 661 3236 Graecorum
678 3173 814 3248 mentio,
833 3173 938 3236 transi

106 3282 281 3367 gymnasia
296 3291 397 3364 atque
414 3281 491 3344 audi
507 3281 640 3345 facinus
655 3282 789 3345 maioris
806 3281 943 3346 abollae.
1102 3304 1148 3356 115

107 3391 232 3455 stoicus
250 3390 371 3454 occidit
389 3390 528 3452 Baream
545 3390 673 3454 delator
688 3390 831 3455 amicum

106 3498 372 3581 discipulumque
389 3517 491 3561 senex
507 3497 579 3579 ripa
595 3497 741 3561 nutritus
758 3498 792 3560 in
811 3498 875 3573 illa,

107 3610 147 3670 ad
165 3628 263 3689 quam
282 3606 452 3688 Gorgonei
469 3605 605 3688 delapsa
621 3614 673 3668 est
690 3606 793 3687 pinna
810 3607 937 3671 caballi.
