2422 4006
503 268 646 316 SATVRA
674 270 716 316 111

85 433 257 497 sufficiunt
276 434 409 498 tunicae
427 436 566 499 summis
584 437 866 502 aedilibusulbae.

84 541 141 603 hic
159 541 246 604 ultra
261 542 349 605 vires
367 542 500 606 habitus
519 543 616 620 nitor,
636 545 690 608 hic
707 544 830 628 aliquid
847 547 922 628 plus
1087 556 1132 607 180

8 644 10 652 ⁸
84 670 187 731 quam
205 650 287 713 satis
304 661 355 714 est
373 651 541 715 interdum
558 652 667 716 aliena
684 654 826 717 sumitur
843 676 928 720 arca.

85 779 263 821 commune
280 759 313 821 id
330 760 447 824 vitium
465 771 526 836 est,
545 762 598 825 hic
615 762 757 826 vivimus
774 763 949 827 ambitiosa

84 877 284 949 paupertate
301 889 426 933 omnes.
475 870 555 953 quid
571 881 605 934 te
623 873 756 934 moror?
789 873 900 935 omnia
918 873 1046 937 Romae

85 997 162 1038 cum
181 977 296 1057 pretio.
347 978 426 1060 quid
443 980 502 1042 das
520 989 556 1042 ut
575 980 717 1043 Cossum
737 980 914 1062 aliquando
931 982 1081 1046 salutes?

85 1094 122 1146 ut
141 1093 175 1147 te
192 1085 348 1167 respiciat
366 1085 479 1149 clauso
496 1087 642 1150 Veiento
659 1088 803 1150 labello?
1084 1104 1129 1169 185

85 1192 141 1254 ille
157 1193 254 1255 metit
272 1194 419 1268 barbam,
439 1195 563 1258 crinem
582 1195 636 1259 hic
654 1196 791 1278 deponit
809 1199 930 1276 amati;

84 1301 184 1381 plena
201 1303 318 1364 domus
336 1301 411 1364 libis
428 1303 621 1381 venalibus3
645 1305 759 1387 accipe
777 1315 810 1367 et
828 1305 917 1368 istud

82 1409 288 1472 fermentum
305 1410 367 1474 tibi
384 1410 488 1474 habe:
513 1421 682 1493 praestare
698 1413 824 1476 tributa
841 1396 982 1478 clientes

83 1498 234 1600 cogimur
251 1528 284 1581 et
302 1519 401 1582 cultis
419 1539 541 1602 augere
559 1521 689 1602 peculia
706 1523 817 1586 servis.

132 1626 217 1709 Quis
234 1627 331 1690 timet
348 1637 406 1691 aut
424 1628 535 1691 timuit
553 1629 663 1711 gelida
681 1630 860 1694 Praeneste
878 1631 1005 1694 ruinam
1080 1657 1125 1707 190

82 1745 139 1797 aut
157 1735 276 1817 positis
294 1756 470 1800 nemorosa
487 1737 576 1800 inter
592 1737 669 1820 iuga
685 1737 847 1801 Volsiniis
864 1747 920 1801 aut

83 1844 290 1927 simplicibus
310 1845 427 1909 Gabiis
444 1856 500 1908 aut
518 1847 615 1929 proni
631 1847 767 1909 Tiburis
784 1847 882 1910 arce?

83 1973 144 2015 nos
162 1953 278 2017 urbem
297 1954 438 2017 colimus
456 1954 550 2017 tenui
567 1955 705 2018 tibicine
722 1955 840 2018 fultam

83 2082 204 2144 magna
220 2071 315 2144 parte
333 2063 403 2139 sui;
431 2084 505 2126 nam
525 2063 573 2126 sic
590 2063 781 2126 labentibus
799 2064 911 2127 obstat

81 2170 208 2246 vilicus,
227 2180 261 2233 et
278 2171 407 2234 veteris
419 2171 522 2234 rimae
539 2193 614 2235 cum
632 2171 715 2234 texit
735 2172 872 2246 hiatum,
1080 2197 1125 2248 195

82 2298 217 2342 securos
235 2280 405 2361 pendente
422 2279 514 2342 iubet
532 2280 676 2342 dormire
694 2280 798 2343 ruina.

23 2394 29 2402 ’
52 2370 55 2375 ’
82 2387 260 2450 vivendum
280 2398 331 2451 est
351 2387 417 2451 illic
435 2388 492 2450 ubi
509 2387 599 2450 nulla
616 2387 780 2463 incendia,
799 2388 882 2451 nulli

83 2506 182 2559 nocte
199 2505 320 2560 metus.
370 2496 434 2559 iam
452 2496 560 2577 poscit
578 2517 707 2578 aquam,
726 2497 789 2558 iam
807 2497 924 2558 frivola
941 2496 1102 2559 transfert

83 2604 263 2687 Vcalegon,
282 2604 432 2667 tabulata
448 2604 510 2667 tibi
528 2604 593 2667 iam
610 2605 708 2667 tertia
724 2604 874 2667 fumant:

66 2708 118 2776 'tu
135 2713 266 2789 nescis;
291 2733 368 2775 nam
385 2713 413 2776 si
430 2712 589 2795 gradibus
606 2713 792 2795 trepidatur
808 2713 850 2775 ab
867 2713 952 2786 imis,
1079 2733 1127 2767 200

83 2821 219 2884 ultimus
236 2821 365 2884 ardebit
382 2841 481 2904 quem
499 2820 613 2903 tegula
631 2820 700 2884 sola
716 2830 830 2883 tuetur

81 2950 100 2992 a
116 2929 237 3012 pluvia,
257 2929 373 2992 molles
391 2930 448 2992 ubi
465 2931 609 2992 reddunt
626 2950 688 2992 ova
704 2929 887 2992 columbae.

81 3037 188 3102 lectus
206 3046 276 3101 erat
295 3037 404 3101 Codro
423 3037 562 3100 Procula
577 3038 694 3111 minor,
714 3036 837 3100 urceoli
855 3057 913 3100 sex

80 3155 314 3209 ornamentum
331 3146 424 3210 abaci
442 3166 503 3209 nec
521 3166 588 3207 non
606 3155 639 3208 et
657 3146 813 3226 parvulus
831 3145 917 3207 infra

80 3256 271 3330 cantharus,
290 3263 323 3317 et
341 3255 503 3318 recubans
517 3254 585 3339 sub
602 3255 719 3316 eodem
737 3273 900 3316 marmore
918 3253 1029 3326 Chiro,
1080 3271 1127 3323 205

80 3364 211 3446 iamque
227 3372 325 3426 vetus
344 3362 490 3426 Graecos
509 3362 661 3425 servabat
680 3361 766 3425 cista
782 3361 921 3436 libellos,

80 3480 114 3535 et
131 3471 245 3535 divina
260 3471 347 3553 opici
364 3472 525 3534 rodebant
544 3470 691 3533 carmina
708 3489 828 3533 mures.

80 3578 127 3641 nil
145 3579 261 3642 habuit
280 3578 419 3653 Codrus,
439 3579 514 3660 quis
532 3578 619 3641 enim
637 3578 761 3659 negat?
788 3587 821 3639 et
838 3586 950 3640 tamen
969 3576 1049 3638 illud
