2422 4006
494 304 642 352 SATVRA
667 304 707 352 XI

79 471 234 545 luxuriae,
255 472 313 534 sed
330 480 438 534 morte
456 471 562 553 magis
580 472 760 534 metuenda
781 482 947 535 senectus.

79 581 112 642 hi
127 578 323 662 plerumque
340 581 483 662 gradus:
509 581 675 642 conducta
691 581 833 662 pecunia
851 581 980 643 Romae

80 697 112 751 et
129 708 240 751 coram
258 687 402 751 dominis
419 687 647 764 consumitur;
672 687 750 750 inde
768 688 825 751 ubi
842 688 975 770 paulum

80 795 193 860 nescio
210 795 289 878 quid
308 806 461 879 superest
480 806 513 859 et
531 796 632 878 pallet
650 796 797 859 faenoris
815 806 940 870 auctor,

79 905 136 987 qui
152 915 283 968 vertere
301 904 407 968 solum
427 906 523 968 Baias
541 915 574 968 et
592 906 633 968 ad
652 915 764 967 ostrea
782 914 929 968 currunt.

80 1015 199 1076 cedere
215 1033 359 1095 namque
375 1013 449 1075 foro
467 1014 531 1076 iam
549 1033 617 1075 non
635 1022 687 1076 est
705 1013 852 1075 deterius
869 1034 968 1094 quam

82 1122 249 1204 Esquilias
267 1143 287 1184 a
303 1121 447 1184 ferventi
465 1123 609 1203 migrare
628 1121 769 1185 Subura.

81 1230 136 1293 ille
153 1229 248 1292 dolor
265 1229 355 1293 solus
373 1231 513 1311 patriam
530 1229 751 1312 fugientibus
772 1228 827 1292 illa

81 1337 250 1401 maestitia
266 1347 327 1413 est,
346 1339 493 1401 caruisse
510 1359 599 1401 anno
616 1338 823 1401 circensibus
841 1358 917 1400 uno.
993 1331 1000 1350 ⁶

82 1445 255 1528 sanguinis
272 1446 306 1508 in
323 1446 409 1509 facie
426 1467 493 1509 non
511 1447 627 1510 haeret
644 1455 751 1528 gutta,
771 1456 945 1508 morantur

81 1555 178 1636 pauci
195 1554 370 1617 ridiculum
388 1564 421 1617 et
438 1555 626 1636 fugientem
645 1575 685 1617 ex
702 1556 785 1618 urbe
803 1556 976 1617 Pudorem.

129 1663 311 1744 Experiere
327 1663 427 1725 hodie
444 1664 605 1745 numquid
623 1663 846 1745 pulcherrima
863 1663 964 1737 dictu,

84 1771 224 1846 Persice,
244 1792 310 1833 non
329 1780 496 1852 praestem
513 1772 602 1835 vitae
620 1772 680 1835 tibi
697 1772 847 1835 moribus
865 1782 898 1833 et
917 1791 961 1844 re,

83 1880 111 1942 si
128 1879 260 1942 laudem
278 1879 414 1961 siliquas
431 1879 582 1943 occultus
600 1900 717 1961 gane0,
737 1878 847 1961 pultes

83 2008 194 2051 coram
211 1987 284 2050 aliis
300 1987 435 2061 dictem,
454 2008 557 2069 puero
576 1989 633 2050 sed
652 1988 685 2050 in
703 2008 782 2050 aure
799 1987 981 2068 placentas.

85 2117 160 2158 narn
177 2117 252 2159 cum
271 2096 316 2158 sis
334 2097 473 2158 conviva
489 2097 570 2158 mihi
586 2096 780 2177 promissuS,
800 2096 939 2159 habebis

84 2203 289 2278 Euandrum,
308 2204 422 2266 venies
440 2204 637 2288 Tirynthius
655 2214 711 2266 aut
729 2204 838 2266 minor
855 2202 910 2266 illo

84 2312 217 2394 hospes,
238 2322 271 2374 et
288 2313 360 2393 ipse
377 2322 490 2374 tamen
508 2312 709 2394 contingens
728 2312 891 2394 sanguine
908 2311 1046 2386 caelum,

83 2421 168 2483 alter
184 2421 289 2502 aquis,
308 2421 392 2483 alter
409 2420 551 2483 fiammis
568 2421 609 2483 ad
626 2421 735 2484 sidera
751 2421 883 2483 missus

84 2528 211 2592 fercula
228 2550 318 2592 nunc
334 2529 411 2591 audi
429 2529 527 2592 nullis
545 2539 663 2591 ornata
680 2529 836 2592 macellis

84 2638 125 2699 de
143 2637 321 2700 Tiburtino
338 2637 450 2699 veniet
469 2637 709 2718 pinguissimus
727 2658 806 2719 agro

84 2744 245 2807 haedulus
264 2756 296 2808 et
313 2755 385 2807 toto
403 2766 505 2826 grege
523 2744 662 2821 mollior,
681 2746 806 2808 inscius
823 2746 947 2808 herbae

84 2854 227 2916 necdum
245 2874 345 2915 ausus
362 2853 473 2934 virgas
491 2852 626 2917 humilis
643 2854 795 2916 mordere
814 2853 929 2928 salicti,

84 2962 139 3043 qui
156 2961 231 3043 plus
249 2961 345 3023 lactis
363 2961 463 3023 habet
481 2983 579 3043 quam
599 2962 782 3043 sanguinis,
802 2971 836 3024 et
854 2961 1003 3024 montani

84 3069 247 3151 asparagi,
266 3069 375 3150 posito
393 3089 476 3150 quos
493 3068 575 3150 legit
592 3070 690 3133 vilica
705 3070 790 3133 fuso.

84 3177 223 3258 grandia
239 3187 411 3259 praeterea
428 3187 584 3259 tortoque
602 3176 745 3240 calentia
761 3177 860 3239 faeno

85 3306 147 3348 ova
162 3287 286 3349 adsunt
303 3285 385 3366 ipsis
403 3306 478 3348 cum
497 3285 668 3359 matribus,
688 3297 722 3349 et
741 3294 891 3348 servatae

86 3403 180 3475 parte
196 3394 276 3457 anni
293 3393 408 3475 quales
425 3393 560 3456 fuerant
578 3393 612 3454 in
629 3393 753 3456 vitibus
771 3414 863 3468 uvae,

87 3502 265 3584 Signinum
285 3501 486 3585 Syriumque
503 3502 621 3582 pirum,
640 3503 681 3564 de
700 3503 855 3564 corbibus
874 3502 979 3563 isdem

86 3609 217 3673 aemula
235 3610 366 3672 Picenis
384 3620 417 3671 et
435 3610 546 3672 odoris
564 3610 651 3672 mala
667 3610 813 3673 recentis
