2422 4006
80 273 113 323 ὥ
507 273 710 322 IVVENALss

80 441 261 506 dummodo
278 461 345 504 non
362 450 477 522 pereat
495 442 622 504 mediae
639 442 728 523 quod
745 443 855 506 noctis
871 445 914 508 ab
930 445 1013 508 hora

81 549 199 615 sedisti
215 570 281 632 qua
297 570 396 613 nemo
413 550 517 625 faber,
535 571 601 633 qua
617 571 716 614 nemo
734 551 866 614 sederet

81 660 137 742 qui
153 661 252 722 docet
270 657 405 740 obliquo
421 658 531 721 lanam
548 659 714 722 deducere
729 659 838 737 ferr03

81 767 261 831 dummodo
279 787 346 829 non
364 776 479 849 pereat
496 767 638 830 totidem
652 767 809 831 olfecisse
825 767 981 833 lucernas
1080 789 1119 841 225

81 885 163 959 quot
181 876 316 939 stabant
333 876 437 957 pueri,
457 897 532 940 cum
549 884 642 939 totus
659 876 793 941 decolor
810 887 900 940 esset

83 986 224 1049 Flaccus
242 993 276 1046 et
293 985 446 1047 haereret
463 984 560 1066 nigro
576 985 682 1067 fuligo
701 986 841 1050 Maroni.

82 1115 155 1156 rara
170 1102 284 1156 tamen
302 1113 431 1156 merces
447 1113 533 1174 quac
550 1092 743 1175 cognitione
758 1094 885 1158 tribuni

82 1223 149 1265 non
167 1210 274 1284 egeat.
325 1201 383 1264 sed
400 1221 459 1264 vos
478 1222 593 1264 saevas
611 1201 773 1284 imponite
790 1203 891 1285 leges,

82 1320 119 1374 ut
136 1309 346 1393 praeceptori
361 1310 538 1372 verborum
556 1309 670 1392 regula
687 1320 830 1387 constet,

82 1429 119 1482 ut
136 1419 226 1502 legat
243 1418 409 1494 historias,
429 1427 581 1481 auctores
598 1419 728 1481 noverit
746 1440 863 1483 omnes

81 1538 251 1610 tamquam
269 1547 399 1609 ungues
417 1527 607 1609 digitosque
624 1547 713 1603 suos,
732 1538 778 1603 ut,
796 1528 884 1592 forte
901 1539 1039 1612 rogatus

83 1636 161 1698 dum
180 1635 265 1716 petit
281 1644 339 1698 aut
358 1636 506 1697 thermas
523 1644 581 1697 aut
599 1636 725 1699 Phoebi
741 1635 870 1711 balnea,
885 1637 974 1701 dicat

84 1743 249 1807 nutricem
268 1743 449 1818 Anchisae,
468 1763 590 1805 nomen
607 1744 816 1826 patriamque
833 1765 997 1809 novercae

84 1851 296 1926 Anchemoli,
316 1850 404 1914 dicat
422 1860 503 1933 quot
521 1851 666 1915 Acestes
683 1852 802 1915 vixerit
819 1854 925 1929 annis,
1082 1871 1138 1938 235,

85 1970 167 2042 quot
185 1959 291 2023 Siculi
309 1959 495 2043 Phrygibus
511 1959 581 2021 vini
597 1961 771 2023 donaverit
789 1982 899 2025 urnas.

85 2068 210 2151 exigite
227 2077 263 2130 ut
281 2088 391 2131 mores
408 2077 543 2130 teneros
562 2088 623 2132 ceu
640 2068 758 2149 pollice
775 2069 884 2144 ducat,

85 2187 122 2240 ut
139 2177 168 2240 si
185 2177 260 2259 quis
277 2197 353 2241 cera
368 2176 498 2239 vultum
516 2176 616 2253 lacit3
641 2177 765 2259 exigite
782 2187 819 2240 ut
837 2177 880 2240 sit

84 2296 118 2349 et
136 2295 231 2368 pater
248 2285 353 2367 ipsius
370 2295 495 2360 coetus,
515 2305 558 2347 ne
575 2286 685 2367 turpia
701 2286 827 2362 ludant,

85 2416 127 2458 ne
143 2394 269 2459 faciant
286 2394 434 2470 vicibus;
460 2415 526 2456 non
545 2403 597 2456 est
614 2394 686 2457 leve
704 2404 754 2457 tot
772 2415 950 2476 puerorum
1081 2416 1123 2463 24⁰

84 2504 262 2566 observare
279 2523 396 2565 manus
414 2503 593 2585 oculosque
610 2503 644 2565 in
661 2504 727 2565 fine
744 2504 929 2575 trementis.

87 2609 206 2674 ‘haec'
225 2611 333 2694 inquit
353 2623 477 2686 ‘curas,
497 2620 540 2686 et,
560 2632 636 2674 cum
655 2632 690 2674 se
706 2613 844 2676 verterit
861 2633 978 2688 annus,

86 2719 199 2800 accipe
215 2718 334 2783 victori
352 2719 495 2800 populus
512 2721 600 2802 quod
618 2720 767 2801 postulat
783 2719 922 2785 aurum'

475 2993 636 3045 SATVRA
663 2993 740 3046 VHI

87 3153 273 3216 Stemmata
290 3151 368 3234 quid
385 3152 536 3216 faciunt?
562 3153 641 3235 quid
657 3154 805 3234 prodest,
826 3155 971 3230 Pontice,
991 3155 1092 3238 longo

87 3260 249 3342 sanguine
265 3260 404 3335 censeri,
424 3260 532 3342 pictos
550 3263 729 3325 ostendere
745 3262 857 3325 vultus

86 3369 246 3432 maiorum
265 3378 298 3432 et
315 3371 436 3433 stantis
454 3371 489 3433 in
506 3372 657 3435 curribus
676 3372 884 3441 Aemilianos

86 3488 119 3541 et
139 3477 257 3541 Curios
276 3477 339 3541 iam
358 3479 513 3542 dimidios
531 3501 732 3564 umerosque
748 3481 909 3544 minorem

87 3586 269 3650 Corvinum
287 3597 320 3649 et
339 3587 478 3651 Galbam
496 3588 652 3652 auriculis
669 3609 817 3672 nasoque
834 3592 1028 3655 carentem?
1119 3611 1134 3666 5
