2422 4006
82 281 130 332 124
501 281 705 330 IVVENALIS

81 471 237 532 passurus
252 449 357 532 gestis
373 451 544 532 aequanda
559 449 704 531 pericula
719 450 826 514 rebus.

81 558 207 621 nullum
224 578 346 621 numen
364 558 465 621 habes
483 556 510 620 si
527 557 569 621 sit
586 556 777 639 prudentia;
803 579 864 621 nes
880 569 922 632 te,
1073 582 1111 636 ³¹5

81 687 142 729 nos
159 665 307 740 facimus,
328 667 482 740 Fortuna,
501 667 604 729 deam.
654 687 808 730 mensura
825 677 936 730 tamen
953 688 1035 748 quae

83 774 220 837 sufficiat
239 794 367 849 census,
387 773 415 836 si
431 775 503 856 quis
520 795 573 836 me
590 775 747 848 consulat,
767 776 876 838 edam:

82 883 115 945 in
132 893 292 965 quantum
310 882 381 945 sitis
398 883 618 964 atquefames
636 894 668 946 et
685 883 806 965 frigora
822 894 972 964 poscunt,

81 1002 250 1073 quantum,
271 992 422 1072 Epicure,
441 991 502 1053 tibi
517 991 625 1072 parvis
643 992 775 1054 suffecit
792 992 825 1053 in
842 993 956 1066 hortis,

81 1111 240 1181 quantum
260 1099 419 1163 Socratici
432 1110 589 1179 ceperunt
606 1110 684 1163 ante
700 1110 855 1180 penates;
1077 1129 1119 1179 320

82 1229 259 1290 numquam
276 1207 364 1270 aliud
380 1218 503 1281 natura,
522 1208 609 1270 aliud
625 1209 784 1287 sapientia
800 1209 888 1271 dicit.

82 1316 210 1380 acribus
228 1315 385 1397 exemplis
401 1315 514 1379 videor
529 1327 563 1379 te
580 1316 734 1379 cludere?
782 1317 883 1379 misce

15 1437 17 1440 ⁴
82 1446 161 1506 ergo
176 1424 296 1506 aliquid
313 1424 435 1487 nostris
452 1426 493 1487 de
510 1424 664 1500 moribus,
684 1423 777 1487 effice
794 1446 956 1487 summam

82 1534 131 1595 bis
149 1543 276 1614 septem
293 1532 461 1595 ordinibus
477 1553 575 1613 quam
593 1532 645 1595 lex
662 1532 817 1614 dignatur
836 1533 987 1596 Othonis.

82 1642 163 1704 haec
180 1662 310 1722 quoque
327 1640 354 1703 si
370 1661 486 1722 rugam
503 1641 601 1703 trahit
620 1641 832 1722 extenditque
849 1641 1012 1717 labellum,
1078 1669 1119 1721 3²5

84 1770 176 1812 sume
193 1750 274 1812 duos
292 1749 427 1830 equites,
447 1748 500 1811 lac
515 1748 613 1812 tertia
629 1748 877 1830 quadringenta.

83 1857 110 1920 si
126 1858 272 1920 nondum
290 1856 409 1937 inplevi
424 1856 594 1939 gremium,
614 1856 641 1919 si
656 1856 810 1937 panditur
827 1857 919 1932 ultra,

83 1987 144 2029 nec
162 1965 276 2029 Croesi
291 1965 425 2028 fortuna
442 1986 597 2047 umquam
613 1985 675 2028 nec
693 1966 822 2027 Persica
839 1985 941 2047 regna

84 2074 245 2138 sufficient
263 2075 371 2136 animo
388 2093 450 2136 nec
467 2073 597 2137 divitiae
615 2072 770 2147 Narcissi,
880 2090 881 2095 ¹

84 2182 216 2244 indulsit
236 2182 357 2245 Caesar
374 2180 425 2245 cui
444 2181 599 2244 Claudius
616 2180 733 2255 omnia,
753 2180 844 2244 cuius

83 2290 189 2370 paruit
207 2290 349 2370 imperiis
367 2289 666 2352 uxorem'occidere
682 2290 799 2352 iussus.

484 2563 646 2615 SATVRA
673 2563 728 2614 XV

85 2723 168 2806 Quis
185 2721 298 2796 nescit,
316 2722 433 2784 Volusi
451 2721 633 2805 Bithynice,
652 2721 759 2802 qualia
775 2723 912 2785 demens

85 2832 259 2915 Aegyptos
276 2841 429 2911 portenta
446 2829 554 2892 colat?
603 2828 789 2891 crocodilon
807 2831 919 2892 adorat

84 2961 159 3022 pars
176 2940 266 3014 haec,
285 2938 338 3001 illa
354 2949 449 3019 pavet
468 2948 612 3000 saturam
631 2937 839 3018 serpentibus
856 2938 931 3001 ibin.

84 3047 209 3129 effigies
227 3046 311 3110 sacri
327 3046 410 3109 nitet
428 3067 527 3109 aurea
545 3047 772 3127 cercopitheci,

84 3157 216 3219 dimidio
232 3155 378 3238 magicae
395 3166 548 3219 resonant
567 3156 622 3218 ubi
640 3157 819 3218 Memnone
837 3155 977 3217 chordae

84 3278 182 3349 atque
199 3278 293 3331 vetus
311 3268 426 3331 Thebe
444 3277 576 3330 centum
594 3265 677 3329 iacet
694 3268 811 3329 obruta
824 3264 935 3346 portis.

84 3375 147 3439 illic
164 3377 300 3451 aeluros
320 3376 373 3439 hic
389 3377 513 3458 piscem
531 3375 682 3450 fluminis,
702 3375 766 3437 illic

85 3485 202 3566 oppida
218 3495 288 3547 tota
306 3505 419 3547 canem
436 3495 645 3558 venerantur,
663 3504 760 3547 nemo
779 3482 927 3545 Dianam.

84 3613 215 3673 porrum
233 3604 265 3655 et
285 3613 382 3673 caepe
399 3593 493 3656 nefas
510 3591 630 3655 violare
646 3603 677 3655 et
695 3592 848 3673 frangere
865 3611 992 3665 morsu;
