2422 4006
479 235 625 283 SATVRA
651 235 716 282 XVI

82 414 176 485 atque
193 403 324 465 oculum
341 402 468 465 medico
485 401 530 464 nil
547 402 762 483 promittente
779 402 937 465 relictum.

83 510 256 574 Bardaicus
273 510 368 573 iudex
384 511 481 572 datur
496 511 577 573 haec
594 510 710 591 punire
726 509 850 573 volenti

82 619 207 682 calceus
225 629 257 682 et
275 619 418 701 grandes
435 638 555 699 magna
570 619 611 680 ad
629 617 783 681 subsellia
801 640 895 682 surae

80 727 207 810 legibus
223 725 367 808 antiquis
385 736 565 789 castrorum
583 736 615 788 et
634 747 725 788 more
743 726 870 790 Camilli
1095 756 1124 807 15

81 846 217 909 servato,
237 835 331 898 miles
347 855 389 897 ne
405 835 526 897 vallum
543 833 649 916 litiget
669 844 760 898 extra

80 954 111 1007 et
129 943 243 1025 procul
259 964 278 1005 a
296 942 406 1024 signis.
457 941 635 1005 iustissima
653 942 880 1006 centurionum

81 1051 225 1134 cognitio
241 1061 290 1113 est
309 1050 409 1132 igitur
425 1052 467 1113 de
483 1050 595 1124 milite,
615 1071 677 1113 nec
694 1051 773 1113 mihi
790 1051 872 1114 derit

80 1159 168 1235 ultio,
188 1158 216 1221 si
232 1158 337 1221 iustae
353 1159 500 1222 defertur
517 1179 615 1221 causa
632 1159 803 1240 querellae.

80 1279 151 1331 tota
169 1268 284 1330 cohors
301 1277 412 1330 tamen
430 1277 480 1329 est
499 1266 637 1342 inimica,
657 1287 837 1348 omnesque
853 1267 985 1349 manipli
1095 1296 1126 1331 20

82 1396 245 1439 consensu
262 1396 382 1457 magno
400 1374 544 1437 efficiunt
565 1374 715 1437 curabilis
733 1385 768 1437 ut
787 1375 828 1437 sit

80 1483 225 1547 vindicta
242 1494 274 1546 et
291 1482 420 1565 gravior
438 1503 535 1564 quam
553 1482 675 1545 iniuria.
726 1483 860 1564 dignum
879 1484 938 1547 erit
956 1505 1035 1567 ergo

81 1590 310 1656 declamatoris
327 1591 451 1653 mulino
469 1591 566 1654 corde
583 1591 720 1672 Vagelli,

82 1721 157 1764 cum
174 1702 239 1763 duo
256 1720 349 1762 crura
366 1699 494 1773 habeas,
514 1700 684 1762 offendere
699 1709 750 1761 tot
770 1700 899 1782 caligas,
917 1711 967 1763 tot

81 1808 170 1871 milia
187 1808 361 1871 clavorum.
411 1807 483 1888 quis
500 1818 567 1869 tam
585 1807 699 1887 procul
716 1807 800 1870 absit
818 1809 859 1871 ab
877 1809 957 1871 urbe
1096 1831 1126 1884 ²5

81 1927 257 1999 praeterea,
277 1915 349 1997 quis
367 1926 435 1978 tam
454 1916 599 2000 Pylades
618 1916 739 1978 molem
755 1916 885 1999 aggeris
903 1917 986 1979 ultra

83 2035 118 2088 ut
136 2024 271 2087 veniat?
318 2023 469 2086 lacrimae
487 2023 652 2087 siccentur
669 2023 827 2104 protinus,
847 2035 879 2087 et
898 2046 934 2088 se

82 2143 295 2196 excusaturos
313 2153 379 2193 non
397 2131 611 2194 sollicitemus
628 2132 761 2195 amicos,

85 2243 145 2305 ‘da
161 2242 299 2303 testem’
326 2239 421 2302 iudex
440 2260 515 2302 cum
533 2239 659 2314 dixerit,
678 2241 794 2304 audeat
812 2240 865 2303 ille

83 2348 195 2412 nescio
212 2348 284 2430 quis
301 2369 429 2430 pugnos
447 2347 502 2429 qui
519 2347 599 2410 vidit
618 2348 727 2410 dicere
747 2347 849 2423 ‘vidi'

84 2467 117 2520 et
136 2458 265 2520 credam
282 2455 419 2538 dignum
437 2456 539 2518 barba
555 2455 759 2537 dignumque
778 2455 900 2538 capillis

83 2543 250 2627 maiorum.
302 2564 397 2627 citius
413 2565 533 2626 falsum
551 2566 733 2646 producere
749 2574 869 2626 testem

85 2685 198 2736 contra
214 2694 378 2755 paganum
396 2673 503 2754 possis
521 2694 619 2754 quam
636 2692 714 2734 vera
730 2672 919 2753 loquentem

84 2792 199 2844 contra
215 2782 382 2843 fortunam
399 2780 516 2844 armati
533 2791 714 2861 contraque
732 2781 898 2862 pudorem.

132 2889 277 2953 Praemia
293 2911 380 2952 nunc
397 2890 458 2953 alia
474 2901 574 2971 atque
591 2889 653 2952 alia
670 2889 892 2952 emolumenta
908 2899 1061 2952 notemus
1099 2918 1129 2969 35

85 3009 371 3061 sacramentorum.
422 2998 603 3061 convallem
620 2997 704 3059 ruris
720 2996 799 3059 aviti

85 3107 252 3187 improbus
268 3118 323 3169 aut
342 3127 493 3188 campum
512 3106 591 3168 mihi
608 3107 635 3169 si
651 3104 778 3167 vicinus
794 3106 914 3169 ademit

85 3227 117 3280 et
137 3237 265 3280 sacrum
282 3216 396 3280 effodit
415 3216 522 3280 medio
539 3218 580 3279 de
597 3215 700 3278 limite
718 3236 838 3289 saxum,

85 3328 172 3409 quod
189 3347 262 3390 mea
278 3347 353 3389 cum
370 3324 481 3408 patulo
499 3324 599 3388 coluit
617 3325 690 3406 puls
706 3344 814 3386 annua
831 3323 903 3397 libo,

86 3434 215 3498 debitor
229 3444 285 3497 aut
304 3442 454 3514 sumptos
471 3433 578 3515 pergit
596 3453 662 3494 non
680 3433 816 3494 reddere
833 3451 984 3494 nummos
1099 3457 1131 3503 40

85 3564 168 3606 vana
185 3540 379 3624 supervacui
395 3540 508 3604 dicens
526 3539 743 3622 chirographa
760 3538 849 3622 ligni,
