2422 4006
516 275 663 322 SATVRA
688 275 727 322 XI

79 444 82 451 '
100 443 228 524 imperii
244 443 323 517 fato,
342 442 495 525 geminos
513 443 575 505 sub
593 461 675 523 rupe
694 441 864 524 Quirinos

97 571 135 614 ac
152 551 276 613 nudam
295 550 439 632 effigiem
457 550 565 632 clipeo
581 547 748 613 venientis
767 560 800 613 et
818 550 916 613 hasta

97 659 344 741 pendentisq'ue
361 659 415 722 dei
432 659 581 740 perituro
598 659 793 722 ostenderet
811 660 910 724 hosti.

97 768 268 849 ponebant
285 767 387 849 igitur
404 769 516 831 Tusco
533 768 659 830 farrata
675 768 808 831 catino:

66 926 77 941 r
96 875 229 958 argenti
245 877 333 958 quod
350 886 421 939 erat
439 876 518 939 solis
535 875 686 958 fulgebat
703 876 738 938 in
755 877 863 940 armis.

96 983 209 1047 omnia
224 993 307 1048 tunc
323 984 444 1066 quibus
463 984 611 1046 invideas
630 985 658 1047 si
675 984 831 1048 lividulus
849 986 904 1049 sis.

96 1092 298 1174 templorum
315 1113 447 1174 quoque
465 1092 623 1154 maiestas
640 1093 858 1174 praesentior,
877 1104 910 1156 et
928 1115 992 1157 vox

96 1211 197 1264 nocte
215 1201 286 1263 fere
302 1201 412 1262 media
429 1191 639 1282 mediamque
656 1201 772 1263 audita
788 1221 848 1282 per
865 1204 981 1265 urbem

95 1309 193 1372 litore
210 1310 252 1372 ab
271 1309 398 1373 Oceani
417 1309 521 1373 Gallis
539 1310 752 1372 venientibus
770 1319 804 1372 et
821 1310 871 1373 dis

96 1418 241 1482 officium
259 1419 345 1481 vatis
362 1419 610 1500 peragentibus.
661 1418 714 1481 his
731 1418 860 1481 monuit
878 1439 948 1495 nos,

96 1527 182 1589 hanc
200 1527 300 1589 rebus
320 1526 427 1590 Latiis
444 1547 556 1590 curam
574 1536 745 1608 praestare
763 1527 891 1590 solebat

97 1634 209 1698 fictilis
227 1644 259 1697 et
278 1634 370 1697 nullo
386 1635 530 1698 violatus
549 1635 701 1716 Iuppiter
717 1655 805 1699 auro,

96 1742 152 1805 illa
168 1743 258 1805 dorni
275 1752 372 1805 natas
389 1752 569 1825 nostraque
588 1763 628 1805 ex
644 1743 763 1806 arbore
781 1763 914 1807 mensas

96 1859 249 1932 tempora
266 1851 441 1927 viderunt;
466 1852 528 1914 hoc
546 1852 675 1933 lignum
693 1852 804 1914 stabat
823 1853 863 1914 ad
883 1870 971 1928 usus,

96 1979 258 2022 annosam
276 1959 305 2022 si
321 1960 410 2022 forte
426 1980 546 2023 nucem
563 1960 729 2023 deiecerat
749 1961 869 2023 Eurus.

96 2078 130 2130 at
147 2088 237 2130 nunc
254 2068 412 2131 divitibus
430 2069 571 2131 cenandi
588 2069 678 2131 nulla
694 2069 858 2149 voluptas,

97 2175 142 2238 nil
160 2177 330 2252 rhombus,
350 2177 396 2238 nil
413 2177 545 2240 damma
563 2178 661 2258 sapit,
680 2186 799 2259 putere
816 2177 973 2241 videntur

97 2296 272 2366 unguenta
287 2296 388 2367 atque
406 2305 509 2360 rosae,
528 2285 614 2348 latos
632 2286 697 2347 nisi
714 2285 859 2348 sustinet
876 2287 974 2350 orbes

96 2393 224 2474 grande
240 2394 322 2455 ebur
339 2403 373 2456 et
390 2414 511 2475 magno
530 2392 682 2456 sublimis
700 2395 822 2475 pardus
840 2394 932 2456 biatu

96 2500 255 2563 dentibus
272 2520 313 2562 ex
330 2499 393 2562 illis
410 2522 494 2582 quos
512 2501 616 2563 mittit
634 2512 731 2583 porta
748 2501 878 2586 Syenes

97 2619 130 2671 et
149 2608 258 2671 Mauri
275 2607 401 2671 celeres
419 2618 452 2671 et
472 2611 591 2672 Mauro
609 2609 780 2673 obscurior
799 2610 912 2685 Indus,

97 2727 130 2779 et
148 2736 232 2798 quos
250 2717 404 2798 deposuit
424 2718 598 2780 Nabataeo
616 2717 713 2780 belua
730 2718 816 2803 saltu

97 2825 160 2887 iam
180 2824 300 2887 nimios
318 2825 485 2907 capitique
503 2846 631 2907 graves.
682 2825 760 2888 hinc
779 2826 886 2908 surgit
904 2827 1023 2901 orexis,

97 2933 173 2996 hinc
191 2933 365 2996 stomacho
381 2934 489 3010 vires;
514 2955 588 2996 narn
608 2954 668 3016 pes
685 2944 865 3016 argenteus
882 2935 947 2998 illis

96 3040 215 3103 anulus
233 3041 267 3102 in
284 3041 390 3123 digito
408 3043 495 3124 quod
514 3042 652 3105 ferreus.
703 3063 782 3124 ergo
802 3024 980 3126 superbum

96 3149 269 3212 convivam
287 3170 387 3213 caveo
405 3151 462 3232 qui
478 3171 532 3213 me
550 3151 613 3213 sibi
631 3162 801 3233 comparat
820 3162 852 3214 et
871 3172 923 3215 res

95 3257 238 3338 despicit
256 3259 400 3339 exiguas.
437 3261 534 3350 ¹adeo
551 3260 640 3322 nulla
657 3262 755 3324 uncia
772 3261 869 3324 nobis

96 3376 147 3429 est
166 3367 285 3441 eboris,
305 3387 366 3430 nec
383 3367 538 3431 tessellae
555 3389 618 3432 nec
635 3370 782 3432 calculus
801 3389 841 3432 ex
858 3370 920 3432 hac

95 3474 242 3550 materia,
262 3476 342 3557 quin
360 3476 431 3557 ipsa
447 3479 621 3540 manubria
638 3477 848 3541 cultellorum

96 3600 201 3645 ossea.
251 3603 318 3645 non
337 3593 449 3648 tamen
467 3586 519 3648 his
539 3587 603 3648 ulla
620 3607 777 3668 umquam
796 3586 936 3649 obsonia
954 3586 1036 3647 fiunt
