2422 4006
503 277 649 324 SATVRA
675 277 699 323 Χ
1091 275 1124 325 83

126 445 216 526 Ergo
234 464 439 525 supervacua
455 453 513 506 aut
530 464 616 526 quae
634 444 823 525 perniciosa
838 418 1024 526 petuntur?

81 561 214 633 propter
230 572 315 634 quae
331 552 383 614 fas
400 561 452 614 est
469 572 580 633 genua
596 551 746 615 incerare
762 535 925 615 deorum?
1093 572 1124 626 55

127 660 298 743 Quosdam
316 660 511 742 praecipitat
530 660 681 723 subiecta
698 658 850 741 potentia
866 681 1008 743 magnae

81 768 230 843 invidiae,
249 768 370 850 mergit
388 768 488 850 longa
504 777 605 850 atque
621 768 764 850 insignis
783 767 946 831 honorum

80 877 210 958 pagina.
260 877 469 940 descendunt
487 885 619 939 statuae
635 885 826 958 restemque
843 887 1048 959 sequuntur3

80 985 169 1066 ipsas
185 985 306 1048 deinde
322 994 412 1048 rotas
430 985 582 1066 bigarum
599 984 734 1065 inpacta
750 985 876 1048 securis

80 1093 187 1156 caedit
207 1103 240 1156 et
258 1093 423 1156 inmeritis
439 1093 643 1174 franguntur
660 1113 756 1156 crura
773 1093 916 1158 caballis.
1092 1102 1125 1152 60

79 1202 144 1264 iam
162 1202 305 1264 strident
323 1201 429 1283 ignes
448 1201 512 1263 iam
530 1201 666 1264 follibus
683 1209 785 1282 atque
801 1201 940 1265 caminis

79 1310 172 1372 ardet
190 1310 364 1372 adoratum
381 1309 503 1390 populo
521 1319 621 1391 caput
639 1318 672 1372 et
690 1318 804 1391 crepat
822 1309 941 1391 ingens

82 1417 222 1481 Seianus
236 1439 244 1494 ;
268 1418 389 1480 deinde
407 1438 448 1480 ex
463 1417 549 1480 facie
566 1427 639 1480 toto
656 1418 737 1481 orbe
754 1418 901 1481 secunda

80 1527 164 1589 fiunt
182 1526 306 1589 urceoli
323 1526 437 1607 pelves
456 1536 590 1608 sartago
607 1526 770 1590 matellae.

79 1654 166 1716 pone
184 1634 273 1697 domi
290 1635 412 1719 laurus
432 1635 496 1698 duc
514 1635 547 1696 in
567 1634 733 1716 Capitolia
749 1655 907 1716 magnum
1092 1645 1124 1707 65

79 1752 311 1826 cretatumque
327 1744 467 1806 bovem:
494 1743 635 1806 Seianus
652 1743 785 1806 ducitur
801 1762 888 1805 unco

80 1852 293 1934 spectandus
344 1853 492 1933 gaudent
509 1872 635 1914 omnes.
688 1863 791 1932 ‘quae
807 1851 907 1926 labra,
927 1852 1002 1934 quis
1020 1852 1067 1914 illi

78 1960 191 2023 vultus
210 1961 297 2023 erat!
346 1980 537 2042 numquam,
558 1960 681 2042 siquid
699 1959 780 2021 mihi
797 1960 915 2035 crediS,
934 1960 1043 2023 amavi

79 2069 169 2132 hunc
179 2068 357 2131 hominem.
400 2069 459 2131 sed
473 2088 537 2149 quo
553 2067 672 2131 cecidit
687 2069 749 2130 sub
763 2068 921 2131 crimine?
945 2139 947 2143 ἲ
962 2069 1115 2150 quisnam

79 2176 209 2240 delator
226 2177 346 2258 quibus
365 2177 539 2250 indicibus
559 2196 624 2257 quo
641 2185 731 2239 teste
748 2177 899 2258 probavit
912 2176 942 2238 ?'
1093 2199 1125 2246 70

81 2284 147 2346 ‘nil
164 2285 281 2346 horum
295 2305 302 2360 ;
326 2285 467 2346 verbosa
483 2293 516 2346 et
535 2284 671 2366 grandis
689 2284 832 2366 epistula
849 2286 941 2347 venit

79 2392 268 2474 aCapreis.’
321 2392 426 2453 ‘bene
437 2391 548 2466 habet,
561 2392 608 2453 nil
620 2392 694 2473 plus
706 2393 885 2475 interrogo
937 2395 995 2456 sed
1010 2394 1089 2476 quid

54 2576 58 2585 ‚
79 2501 177 2564 turba
195 2501 293 2563 Remi
305 2499 335 2561 Γ
364 2500 535 2582 ‘sequitur
551 2500 721 2562 fortunam
739 2509 776 2562 ut
794 2521 926 2582 semper
942 2511 975 2564 et
993 2502 1062 2563 odit

80 2609 263 2671 damnatos.
314 2609 401 2671 idem
420 2609 572 2690 populus,
592 2609 620 2671 si
638 2609 758 2671 Nortia
775 2609 886 2672 Tusco

79 2716 226 2791 favisset,
246 2716 274 2779 si
291 2737 451 2798 oppressa
467 2717 555 2779 foret
573 2737 691 2780 secura
708 2726 865 2780 senectus
1092 2736 1124 2788 75

79 2824 249 2906 principis,
268 2825 330 2888 hac
347 2825 419 2905 ipsa
437 2824 595 2887 Seianum
613 2825 740 2888 diceret
759 2828 839 2888 hora

80 2932 285 3014 Augustum.
336 2932 555 3014 iampridem,
575 2954 615 2995 ex
631 2954 696 3015 quo
716 2934 876 3015 suffragia
893 2934 976 2997 nulli

79 3041 265 3116 vendimus,
285 3040 405 3103 effudit
423 3062 538 3117 curas;
564 3038 639 3103 nain
656 3041 713 3123 qui
730 3042 830 3103 dabat
848 3042 925 3104 olim

79 3148 256 3231 imperium
272 3150 383 3212 fasces
400 3149 550 3231 legiones
568 3150 689 3224 omnia,
708 3170 797 3213 nunc
816 3170 852 3212 se

79 3258 232 3321 continet
248 3268 349 3339 atque
366 3258 448 3320 duas
465 3269 596 3321 tantum
615 3278 668 3320 res
686 3259 803 3320 anxius
821 3268 925 3339 optat,
1092 3265 1125 3315 80

79 3387 200 3449 panem
218 3376 252 3429 et
271 3365 461 3430 circenses.’
512 3368 697 3449 ‘perituros
714 3361 811 3430 audio
829 3365 974 3429 multos’

81 3474 147 3536 ‘nil
163 3475 311 3549 dubium,
331 3496 452 3557 magna
468 3485 520 3538 est
536 3473 727 3539 fornacula?
779 3476 973 3558 ‘pallidulus
991 3475 1036 3536 mi

80 3583 268 3646 Bruttidius
286 3604 380 3647 meus
398 3585 439 3648 ad
457 3585 578 3647 Martis
595 3585 659 3647 fuit
678 3585 796 3647 obvius
814 3605 924 3661 aram;
