2422 4006
499 276 645 323 SATVRA
672 278 710 324 XI

80 452 117 505 ut
135 452 249 506 tamen
267 452 300 506 et
318 463 437 524 poscas
455 443 578 524 aliquid
596 464 783 527 voveasque
801 447 931 511 sacellis

81 560 157 614 exta
174 561 207 614 et
225 551 392 614 candiduli
409 551 521 613 divina
538 553 705 615 tomacula
722 555 822 635 porci,
1079 577 1126 628 355

81 660 242 722 orandum
260 668 312 723 est
330 668 367 723 ut
384 659 428 723 sit
447 680 542 723 mens
560 681 640 723 sana
658 661 691 723 in
709 683 847 744 corpore
865 685 955 728 sano.

80 768 202 830 fortem
220 788 322 849 posce
338 768 486 832 animum
504 770 622 832 mortis
640 779 768 833 terrore
784 783 964 848 carentem,

81 876 137 958 qui
155 875 300 957 spatium
317 876 405 939 vitae
423 887 608 941 extremum
628 879 715 941 inter
732 901 870 943 munera
886 890 988 962 ponat

80 993 229 1059 naturae,
248 984 305 1066 qui
322 984 410 1048 ierre
428 994 528 1067 queat
545 1007 774 1070 quoscumque
791 988 931 1064 labores,

81 1092 209 1156 nesciat
228 1092 334 1167 irasci,
355 1094 465 1174 cupiat
483 1093 575 1169 nihil,
595 1105 628 1158 et
646 1097 793 1177 potiores

83 1201 240 1264 Herculis
258 1221 434 1263 aerumnas
452 1203 565 1265 credat
583 1224 768 1286 saevosque
786 1205 915 1268 labores

81 1319 114 1370 et
132 1329 254 1372 venere
272 1318 306 1371 et
324 1310 416 1372 cenis
434 1319 468 1371 et
485 1310 597 1392 pluma
615 1312 853 1394 Sardanapalli.

81 1427 231 1481 monstro
248 1419 336 1500 quod
354 1418 425 1500 ipse
442 1420 503 1483 tibi
519 1421 628 1502 possis
646 1422 743 1496 dare;
764 1423 882 1485 semita
898 1433 989 1486 certe

81 1527 280 1609 tranquillae
297 1547 357 1608 per
373 1527 532 1591 virtutem
550 1538 643 1610 patet
661 1530 760 1593 unica
776 1531 873 1595 vitae.

81 1635 209 1697 nullum
228 1656 350 1699 numen
370 1636 473 1699 hahes
490 1637 518 1699 si
536 1637 577 1699 sit
595 1639 790 1717 prudentia;
816 1659 876 1701 nos
894 1650 937 1713 te,

81 1762 143 1805 nos
160 1743 314 1817 iacimus,
336 1745 494 1818 Fortuna,
514 1746 610 1808 deam
629 1747 787 1828 caeloque
804 1746 959 1812 locamus

486 2011 647 2062 SATVRA
674 2012 715 2063 XI

82 2168 219 2232 Atticus
237 2168 357 2231 eximie
374 2168 401 2230 si
418 2179 525 2245 cenat,
545 2171 655 2234 lautus
673 2171 834 2236 habetur:

30 2256 32 2263 Ι
82 2277 110 2338 si
128 2275 274 2351 Rutilus,
293 2277 442 2340 demens
491 2278 570 2360 quid
589 2279 678 2341 enirn
696 2280 820 2343 maiore
837 2281 1000 2345 cachinno

81 2384 245 2466 excipitur
261 2385 353 2467 vulgi
369 2406 467 2468 quam
486 2407 611 2468 pauper
627 2387 793 2469 Apicius?
842 2390 950 2452 omnis

81 2494 253 2556 convictus
271 2494 421 2556 thermae
438 2495 611 2570 stationes,
631 2516 730 2558 omne
747 2497 914 2560 theatrum

81 2602 122 2663 de
141 2601 267 2663 Rutilo.
317 2621 392 2663 nam
411 2602 488 2664 dum
506 2603 615 2665 valida
631 2624 670 2666 ac
687 2604 850 2667 iuvenalia
867 2607 1016 2669 membra

81 2708 251 2772 sufficiunt
268 2709 383 2790 galeae
400 2711 545 2791 dumque
561 2712 655 2774 ardet
673 2713 845 2794 sanguine,
863 2714 971 2776 fertur
1065 2794 1068 2799 Ι

82 2837 147 2879 non
165 2828 308 2899 cogente
324 2818 458 2900 quidem
477 2820 535 2881 sed
553 2840 615 2882 nec
633 2820 832 2910 prohibente
848 2821 983 2885 tribuno

81 2926 264 3008 scripturus
282 2927 374 3009 leges
392 2936 426 2990 et
443 2928 535 3009 regia
550 2928 652 2991 verba
668 2928 818 2993 lanistae.

81 3034 204 3097 multos
221 3055 320 3116 porro
337 3035 430 3098 vides
447 3057 531 3118 quos
550 3057 650 3118 saepe
667 3036 781 3100 elusus
799 3039 839 3100 ad
857 3039 965 3120 ipsum

81 3143 226 3205 creditor
242 3142 415 3206 introitum
434 3143 519 3206 solet
538 3154 731 3225 exspectare
749 3147 887 3221 macelli,

76 3259 113 3312 et
130 3250 251 3333 quibus
269 3251 303 3313 in
320 3251 391 3314 solo
408 3235 541 3314 vivendi
557 3273 658 3316 causa
673 3255 783 3335 palato
800 3265 862 3318 est.

82 3360 238 3442 egregius
255 3369 353 3424 cenat
371 3360 556 3442 meliusque
574 3362 779 3425 miserrimus
797 3363 913 3426 horum

81 3477 113 3542 et
130 3469 197 3531 cito
215 3489 353 3532 casurus
371 3469 434 3531 iam
453 3469 647 3551 perlucente
665 3471 767 3534 ruina.

82 3576 208 3640 interea
224 3589 346 3659 gustus
364 3578 531 3641 elementa
548 3599 608 3660 per
624 3579 735 3641 omnia
752 3590 915 3660 quaerunt
