2422 4006
112 281 160 331 110
529 283 732 331 IVVENALIS

111 450 227 513 confer
244 461 277 512 et
296 451 356 513 hos
373 451 496 513 veteris
514 451 570 532 qui
587 450 710 514 tollunt
726 451 864 533 grandia
880 453 998 532 templi

111 557 230 639 pocula
245 558 432 621 adorandae
450 557 612 640 robiginis
630 567 663 621 et
680 558 879 640 populorum

111 667 199 729 dona
215 666 267 729 vel
284 666 423 748 antiquo
440 666 568 748 positas
584 687 603 728 a
620 686 699 749 rege
716 687 875 744 coronas;
1089 740 1091 744 Α

111 774 194 837 haec
211 774 257 838 ibi
274 775 302 836 si
320 795 386 836 non
405 784 493 849 sunt,
512 773 627 836 minoo
638 784 747 838 exstat
765 775 947 856 sacrilegus
964 777 1021 858 qui
1114 807 1163 858 150

112 883 205 945 radat
222 882 366 946 inaurati
382 882 492 946 femur
510 883 669 946 Herculis
687 893 720 946 et
737 883 858 946 faciem
877 884 983 965 ipsam

65 1026 68 1030 ⁴
113 992 274 1073 Neptuni,
294 992 350 1074 qui
367 991 565 1055 bratteolam
583 993 625 1054 de
643 991 784 1056 Castore
801 993 900 1055 ducat
911 1032 958 1040 -

112 1121 154 1162 an
171 1100 313 1174 dubitet,
333 1100 452 1164 solitus
469 1110 579 1164 totum
596 1100 742 1164 conflare
758 1102 947 1164 Tonantem
959 1102 970 1163 ?
981 1141 1026 1148 —

112 1208 228 1272 confer
245 1218 278 1271 et
295 1209 438 1272 artifices
456 1219 743 1291 mercatoremque
759 1209 880 1272 veneni

113 1326 146 1380 et
163 1318 395 1380 deducendum
414 1317 503 1380 corio
520 1318 613 1381 bovis
631 1316 664 1379 in
682 1337 781 1392 mare,
801 1338 876 1381 cum
894 1339 959 1400 quo
1114 1345 1162 1398 155

113 1425 278 1489 clauditur
294 1426 442 1488 adversis
460 1425 594 1488 innoxia
611 1425 706 1488 simia
722 1426 811 1489 fatis

113 1534 195 1597 haec
212 1543 315 1616 quota
331 1554 407 1615 pars
425 1533 597 1608 scelerum,
616 1553 700 1616 quae
717 1544 831 1597 custos
850 1534 998 1598 Gallicus
1017 1535 1112 1598 urbis

87 1701 88 1704 ,
114 1663 220 1724 usque
236 1663 256 1705 a
272 1642 412 1705 lucifero
429 1643 535 1705 donec
553 1642 609 1705 lux
625 1643 755 1705 occidat
772 1643 889 1705 audit?

114 1750 251 1813 humani
267 1751 401 1832 generis
417 1770 528 1813 mores
545 1749 607 1814 tibi
624 1769 724 1813 nosse
740 1750 867 1813 volenti

114 1859 238 1922 sufficit
256 1880 322 1921 una
339 1860 477 1936 domus3
502 1879 627 1940 paucos
645 1878 805 1922 consume
821 1858 893 1922 dies
911 1868 945 1922 et
1111 1874 1162 1924 '160

114 1968 224 2030 dicere
241 1976 276 2029 te
293 1967 462 2042 miserum,
482 1976 658 2050 postquam
677 1967 767 2030 illinc
784 1966 926 2042 veneris,
945 1969 1042 2032 aude.

114 2075 188 2158 quis
206 2075 371 2137 tumidum
388 2084 506 2157 guttur
523 2075 662 2138 miratur
679 2075 712 2136 in
731 2075 877 2157 Alpibus
894 2085 952 2138 aut
969 2076 1045 2158 quis

114 2184 148 2245 in
167 2184 282 2245 Meroe
299 2203 411 2246 crasso
429 2183 587 2246 maiorem
605 2183 735 2246 infante
752 2183 952 2246 mamillam?

114 2291 246 2354 caerula
263 2291 337 2373 quis
355 2291 484 2373 stupuit
503 2291 662 2353 Germani
679 2291 814 2366 lumina,
833 2291 961 2354 flavam·

115 2399 293 2463 caesariem
312 2410 345 2462 et
364 2399 496 2462 madido
513 2409 725 2481 torquentem
743 2420 867 2462 cornua
884 2399 995 2463 cirro?
1115 2415 1159 2480 165

115 2528 235 2590 nempe
250 2510 338 2589 quod
356 2508 438 2571 haec
456 2507 520 2569 illis
538 2517 658 2570 natura
675 2517 726 2570 est
744 2507 991 2572 omnibus'una.

114 2618 154 2679 ad
173 2617 300 2679 subitas
313 2617 481 2680 Thracum
498 2616 652 2679 volucres
669 2616 859 2698 nubemque
876 2636 1031 2679 sonoram

117 2726 302 2809 Pygmaeus
319 2725 429 2806 parvis
448 2724 550 2787 currit
568 2724 710 2788 bellator
727 2724 760 2786 in
779 2724 888 2800 armis,
942 2711 945 2714 ’

115 2854 192 2895 mox
209 2833 304 2914 inpar
320 2833 410 2896 hosti
428 2842 610 2915 raptusque
626 2852 686 2914 per
702 2853 778 2895 aera
795 2833 905 2895 curvis

116 2941 285 3023 unguibus
302 2963 322 3005 a
338 2962 437 3004 saeva
454 2941 561 3004 fertur
577 2961 668 3022 grue.
720 2941 748 3003 si
765 2940 877 3004 videas
894 2941 957 3004 hoc
1115 2970 1160 3019 170

115 3051 274 3132 gentibus
293 3049 326 3112 in
344 3049 477 3124 nostris,
497 3050 566 3111 risu
585 3048 754 3131 quatiare;
778 3049 838 3111 sed
855 3047 931 3123 illic,
994 3029 996 3032 ‚

115 3180 314 3241 quamquam
333 3159 448 3222 eadem
466 3141 603 3221 adsidue
617 3166 815 3239 spectentur
832 3155 965 3238 proelia,
984 3157 1071 3221 ridet

116 3288 225 3341 nem0,
245 3267 301 3330 ubi
318 3277 390 3331 tota
406 3268 526 3330 cohors
544 3268 628 3348 pede
646 3287 712 3329 non
731 3275 783 3328 est
800 3265 898 3328 altior
914 3285 991 3328 uno.

165 3376 330 3438 ‘Nullane
347 3376 452 3457 peiuri
470 3376 588 3457 capitis
606 3375 800 3458 fraudisque
816 3374 981 3451 nefandae

117 3504 226 3566 poena
243 3485 304 3546 erit
317 3483 346 3546 ?'
396 3485 571 3565 abreptum
590 3485 688 3547 crede
705 3484 794 3547 hunc
812 3483 964 3565 graviore
981 3492 1102 3546 catena
1119 3510 1162 3562 175

118 3593 270 3674 protinus
288 3602 322 3654 et
340 3601 455 3654 nostro
466 3592 597 3673 —quid
616 3592 690 3674 plus
707 3592 787 3654 velit
806 3592 853 3654 ira
866 3593 876 3654 ?
888 3593 1055 3656 —necari
