2422 4006
104 309 136 358 92
528 308 732 357 IVVENALIS

108 477 185 539 ‘sed
203 485 295 539 casto
312 476 392 559 quid
409 475 516 538 forma
533 486 631 540 nocet
645 475 675 537 ?'
702 477 781 558 quid
798 477 925 559 profuit
944 479 1047 542 immo

107 584 294 668 Hippolyto
311 604 411 666 grave
428 584 646 665 propositum,
665 585 745 667 quid
762 585 1040 667 Bellerophonti?
1103 607 1148 660 3²5

105 692 238 754 erubuit
256 712 377 773 nempe
393 691 476 755 haec
493 713 555 756 ceu
571 692 723 755 fastidita
740 693 881 775 repulsa,

104 820 166 863 nec
181 800 396 863 Stheneboea
412 801 523 863 minus
540 821 640 882 quam
659 800 781 864 Cressa
798 802 987 878 excanduit,
1002 812 1087 866 etse

104 929 304 973 concussere
321 909 447 972 ambae.
498 909 617 971 mulier
634 909 829 971 saevissima
845 919 927 973 tunc
945 921 1007 986 est,

104 1039 180 1081 cum
197 1017 350 1080 stimulos
367 1017 443 1079 odio
460 1017 567 1098 pudor
583 1018 750 1080 admovet.
800 1017 887 1099 elige
904 1018 1064 1100 quidnam

104 1126 311 1189 suadendum
329 1145 404 1188 esse
420 1136 519 1206 putes
537 1125 590 1188 cui
608 1125 734 1188 nubere
752 1124 905 1188 Caesaris
927 1148 1010 1190 uxor
1102 1149 1146 1199 330

103 1234 260 1298 destinat.
310 1232 457 1314 optimus
474 1234 528 1296 hic
545 1243 578 1296 et
595 1233 860 1297 formosissimus
877 1234 966 1297 idem

103 1343 215 1424 gentis
232 1341 392 1423 patriciae
409 1341 538 1423 rapitur
554 1341 656 1404 miser
673 1342 938 1424 exstinguendus

106 1450 307 1513 Messalinae
325 1449 448 1525 oculis;
473 1450 599 1512 dudum
616 1450 711 1530 sedet
728 1450 785 1512 illa
800 1459 916 1531 parato
1031 1436 1034 1440 ’

104 1558 292 1621 flammeolo
309 1557 497 1641 Tyriusque
513 1558 621 1638 palam
639 1558 780 1639 genialis
798 1558 832 1620 in
849 1558 956 1622 hortis

105 1667 267 1730 sternitur
284 1675 317 1728 et
335 1666 402 1728 ritu
419 1666 531 1729 decies
549 1675 692 1729 centena
708 1667 895 1730 dabuntur.
1100 1688 1144 1740 335

104 1776 261 1857 antiqu03
286 1774 398 1836 veniet
415 1795 490 1837 cum
509 1773 736 1855 signatoribus
753 1795 887 1856 auspex.

103 1884 186 1946 haec
203 1892 240 1946 tu
258 1891 388 1945 secreta
404 1891 437 1944 et
455 1882 569 1969 paucis
587 1883 764 1945 commissa
780 1883 946 1964 putabas?

104 2013 171 2054 non
188 1991 251 2054 nisi
269 1991 418 2072 legitime
434 1990 506 2052 vult
524 1992 659 2053 nubere.
709 1971 788 2072 quid
805 1991 934 2071 placeat
951 1992 1025 2056 dic:

105 2101 139 2162 ni
156 2119 272 2181 parere
289 2098 380 2172 velis,
400 2100 605 2180 pereundum
625 2099 688 2161 erit
706 2108 784 2162 ante
800 2099 973 2176 lucernas;

104 2208 133 2270 si
151 2208 260 2271 scelus
278 2207 445 2281 admittas
464 2206 598 2269 dabitur
614 2227 706 2269 mora
723 2206 867 2288 parvula,
886 2208 965 2270 dum
984 2228 1037 2271 res
1100 2229 1143 2280 340
1170 2238 1175 2247 ·

104 2325 184 2379 nota
201 2316 274 2378 urbi
291 2323 324 2378 et
342 2315 464 2397 populo
481 2314 655 2395 contingat
673 2314 833 2396 principis
850 2335 974 2379 aurem.

104 2425 249 2487 dedecus
267 2423 322 2486 ille
339 2423 458 2514 domus
476 2423 559 2486 sciet
578 2421 735 2497 ultimus;
761 2423 889 2485 interea
905 2432 942 2485 tu

104 2533 290 2614 obsequere
306 2531 455 2612 imperi0,
474 2531 502 2593 si
518 2530 605 2592 tanti
622 2531 689 2592 vita
706 2530 834 2592 dierum

104 2660 294 2722 paucorum.
345 2639 504 2720 quidquid
522 2637 628 2700 levius
645 2638 807 2701 meliusve
824 2639 961 2720 putaris,

103 2749 293 2830 praebenda
310 2756 361 2810 est
378 2747 488 2829 gladio
506 2746 643 2828 pulchra
660 2746 742 2809 haec
755 2756 788 2808 et
807 2747 948 2810 candida
964 2749 1086 2812 cervix.
1100 2767 1143 2820 345

151 2857 208 2919 Nil
226 2877 305 2939 ergo
322 2855 487 2937 optabunt
504 2854 681 2917 homines?
730 2854 759 2916 si
776 2854 952 2918 consilium
970 2856 1030 2929 viS,

103 2965 279 3048 permittes
297 2964 378 3044 ipsis
396 2963 585 3044 expendere
601 2962 794 3025 numinibus
812 2963 892 3045 quid
978 2986 982 2993 “

103 3074 278 3137 conveniat
296 3072 393 3135 nobis
410 3071 577 3153 rebusque
594 3071 637 3133 sit
655 3070 737 3133 utile
754 3072 887 3134 nostris,

103 3203 178 3245 nam
197 3201 257 3262 pro
274 3178 430 3243 iucundis
447 3179 621 3260 aptissima
639 3200 791 3260 quaeque
808 3179 934 3242 dabunt
952 3181 1005 3256 di;

102 3291 208 3354 carior
226 3299 278 3351 est
295 3288 360 3350 illis
377 3288 477 3350 homo
494 3308 593 3369 quam
611 3286 684 3350 sibi.
734 3307 795 3350 nos
813 3287 1000 3350 animorum
1099 3309 1145 3360 350

103 3397 237 3480 inpulsu
254 3406 288 3459 et
306 3416 404 3459 caeca
421 3415 608 3478 magnaque
626 3395 783 3476 cupidine
800 3396 892 3458 ducti

102 3507 295 3589 coniugium
312 3505 458 3587 petimus
477 3513 676 3586 partumque
692 3504 815 3577 uxoris
834 3513 867 3566 at
886 3504 948 3566 illis

102 3626 218 3678 notum
237 3615 294 3697 qui
311 3613 403 3696 pueri
422 3612 594 3694 qualisque
611 3612 723 3674 futura
741 3611 784 3673 sit
802 3632 891 3676 uxor.
