2422 4006
501 286 646 336 SATVRA
671 287 698 333 Π

77 457 160 520 haec
177 456 290 519 animo
306 464 386 519 ante
402 457 521 531 tubas3
545 455 714 537 galeatum
732 475 806 517 sero
824 453 925 526 duelli

52 558 55 597 ⁵
76 563 249 647 paenitet.'
299 564 450 646 experiar
467 563 546 645 quid
563 562 767 626 concedatur
784 563 817 623 in
836 562 909 624 illos
1078 582 1124 629 170

77 693 220 755 quorum
240 671 403 735 Flaminia
419 671 546 754 tegitur
562 670 646 734 cinis
664 680 766 752 atque
785 669 914 732 Latina.

376 994 378 997 ,
480 938 640 990 SATVRA
672 937 699 986 H

77 1099 178 1161 Vltra
195 1097 409 1161 Sauromatas
426 1097 543 1180 fugere
560 1098 638 1161 hinc
655 1099 737 1162 libet
755 1108 788 1161 et
806 1096 981 1180 glacialem

79 1207 254 1271 Oceanum
272 1205 427 1288 quotiens
445 1205 568 1288 aliquid
586 1208 627 1270 de
644 1207 793 1271 moribus
811 1195 934 1269 audent

78 1316 137 1398 qui
156 1315 274 1378 Curios
292 1313 450 1377 simulant
468 1323 501 1376 et
516 1315 735 1379 Bacchanalia
751 1315 878 1377 vivunt.

78 1424 207 1488 indocti
224 1424 377 1505 primum,
396 1443 596 1505 quamquam
614 1424 711 1506 plena
729 1423 841 1486 omnia
857 1443 963 1506 gypso

80 1531 260 1616 Chrysippi
277 1531 449 1607 invenias;
473 1552 549 1594 nam
567 1532 834 1613 perfectissimus
851 1531 979 1604 horum,
1109 1550 1122 1601 5

79 1641 109 1704 si
126 1641 200 1723 quis
217 1640 427 1703 Aristotelen
443 1640 585 1703 similem
603 1640 656 1703 vel
674 1641 825 1704 Pittacon
845 1639 924 1702 emit

79 1757 115 1812 et
132 1749 223 1811 iubet
241 1749 440 1832 archetypos
457 1747 608 1830 pluteum
627 1769 758 1812 servare
777 1748 968 1812 Cleanthas

78 1856 201 1919 frontis
218 1856 308 1919 nulla
325 1857 426 1931 fides;
452 1856 526 1938 quis
545 1856 633 1919 enim
653 1878 718 1920 non
735 1857 829 1920 vicus
846 1857 992 1919 abundat

77 1962 229 2027 tristibus
254 1963 427 2028 obscenis?
484 1965 628 2047 castigas
642 1966 752 2048 turpia
769 1988 844 2029 cum
862 1965 907 2027 sis

80 2071 170 2132 inter
188 2070 377 2155 Socraticos
395 2073 571 2136 notissima
586 2074 678 2137 fossa
695 2074 874 2138 cinaedos?
1094 2094 1123 2127 10
1152 2133 1154 2138 .

78 2178 211 2260 hispida
227 2180 376 2243 membra
393 2180 526 2262 quidem
544 2192 576 2245 et
595 2183 696 2246 durae
713 2204 772 2264 per
788 2183 943 2245 bracchia
960 2190 1072 2243 saetae

77 2287 280 2368 promittunt
297 2298 443 2352 atrocem
461 2289 619 2366 animum,
639 2292 697 2354 sed
711 2292 828 2372 podice
845 2290 909 2353 levi

78 2396 266 2460 caeduntur
282 2397 430 2460 tumidae
448 2398 576 2463 medico
594 2399 724 2462 ridente
741 2399 911 2462 mariscae.

78 2524 173 2568 rarus
191 2525 300 2568 sermo
317 2505 381 2568 illis
399 2515 432 2568 et
450 2527 572 2589 magna
586 2507 689 2570 libido
706 2507 840 2572 tacendi

77 2621 180 2695 atque
197 2613 373 2695 supercilio
389 2615 521 2678 brevior
537 2636 638 2679 coma.
689 2616 799 2678 verius
817 2636 896 2698 ergo
983 2632 986 2636 ’
1093 2631 1122 2688 1¹5

78 2729 114 2782 et
131 2721 238 2803 magis
255 2720 401 2804 ingenue
420 2723 645 2800 Peribomius;
670 2724 759 2787 hunc
777 2745 840 2805 ego
855 2724 935 2786 fatis

78 2829 207 2910 input0,
225 2829 281 2912 qui
297 2829 393 2894 vultu
410 2832 563 2895 morbum
582 2831 781 2914 incessuque
798 2832 924 2894 fatetur

78 2921 197 3000 horum
216 2937 409 3019 simplicitas
427 2939 635 3014 miserabilis,
655 2940 706 3003 his
723 2941 817 3003 furor
834 2940 905 3021 ipse

77 3046 135 3108 dat
152 3045 302 3122 veniam;
327 3047 384 3110 sed
402 3047 532 3130 peiores
549 3047 606 3130 qui
623 3049 702 3112 talia
717 3049 827 3111 verbis
920 3083 922 3087 ι

79 3154 239 3218 Herculis
257 3154 416 3218 invadunt
435 3165 468 3218 et
486 3157 528 3218 de
543 3156 667 3220 virtute
683 3157 787 3221 locuti
1092 3179 1122 3214 20

78 3263 210 3326 clunem
228 3262 367 3345 agitant.
419 3276 499 3346 ‘ego
517 3274 551 3327 te
569 3275 754 3340 ceventem,
775 3265 886 3339 Sexte,
904 3264 1102 3332 verebor?'=

79 3371 213 3434 infamis
229 3371 376 3436 Varillus
393 3374 439 3436 ait
460 3386 542 3456 ‘quo
560 3374 705 3436 deterior
721 3374 779 3436 te?

77 3480 259 3562 loripedem
278 3490 390 3545 rectus
407 3482 566 3557 derideat,
587 3482 792 3564 Aethiopem
810 3483 914 3545 albus.

77 3588 152 3670 quis
170 3587 284 3651 tulerit
304 3589 474 3652 Gracchos
491 3591 532 3652 de
549 3591 714 3653 seditione
734 3590 938 3672 querentes?
1015 3595 1021 3608 ‘
1039 3600 1045 3618 ‘
