2422 4006
79 243 111 292 84
499 241 702 289 IVVENALIS

80 432 179 494 quam
197 411 299 474 timeo
317 410 426 473 vietus
443 429 487 472 ue
503 429 629 490 poenas
647 409 757 490 exigat
775 407 864 471 Aiax

81 530 117 583 ut
135 519 221 582 male
237 518 408 582 defensus
458 538 628 581 curramus
646 516 846 598 praecipites
864 525 908 592 et,
1089 520 1118 585 85

81 629 159 691 dum
179 628 263 691 iacet
281 628 314 690 in
332 627 413 709 ripa,
432 626 599 690 calcemus
618 625 771 689 Caesaris
788 625 933 688 hostem.

82 737 140 800 sed
157 736 291 799 videant
309 735 405 810 servi,
425 756 468 798 ne
485 735 559 816 quis
577 743 678 816 neget
696 743 730 796 et
747 732 903 815 pavidum
921 733 956 795 in
973 733 1025 796 ius

83 844 211 909 cervice
228 844 389 907 obstricta
405 843 577 905 dominum
596 841 728 905 trahat.’
778 841 813 905 hi
830 861 1002 905 sermones

82 962 163 1016 tunc
181 953 223 1015 de
241 952 372 1027 Seian0,
393 961 522 1014 secreta
538 951 620 1013 haec
638 970 807 1013 murmura
824 949 924 1031 vulgi.

71 1054 177 1124 ‘visne
195 1060 330 1123 salutari
347 1061 433 1123 sicut
452 1058 604 1133 Seianus
623 1059 746 1120 habere

83 1159 281 1231 tantundem
299 1177 398 1249 atque
416 1166 463 1229 illi
480 1187 627 1229 summas
645 1167 770 1229 donare
787 1165 928 1240 curuleS,

84 1276 177 1338 illurn
195 1275 395 1338 exercitibus
412 1295 627 1356 praeponere,
646 1284 738 1337 tutor
754 1273 870 1337 haberi

84 1384 243 1466 principis
261 1392 404 1465 angusta
422 1383 625 1464 Caprearum
643 1382 677 1444 in
695 1401 776 1463 rupe
793 1382 942 1445 sedentis

85 1513 160 1556 cum
178 1512 281 1574 grege
299 1491 490 1554 Chaldaeo?
538 1491 587 1554 vis
605 1500 697 1554 certe
713 1489 780 1571 pila
797 1491 963 1564 cohortes,

85 1599 240 1682 egregios
257 1600 388 1682 equites
406 1609 440 1662 et
458 1608 568 1662 castra
584 1599 777 1663 domestica.
827 1598 944 1681 quidni
1097 1615 1125 1668 95

85 1709 166 1771 haec
184 1708 322 1789 cupias?
371 1718 404 1770 et
422 1708 479 1790 qui
497 1707 614 1769 nolunt
634 1707 786 1770 occidere
803 1692 1013 1789 quemquam,

85 1837 185 1897 posse
201 1805 334 1879 volunt
378 1817 437 1878 sed
454 1836 539 1898 quae
556 1815 725 1897 praeclara
741 1825 774 1877 et
793 1834 952 1896 prospera
967 1814 1055 1877 tanti

86 1934 122 1986 ut
141 1925 241 1987 rebus
260 1924 356 1987 laetis
373 1945 432 2005 par
448 1924 491 1986 sit
509 1944 665 1986 mensura
681 1922 866 1986 malorum?

85 2032 185 2095 huius
203 2031 260 2114 qui
277 2032 421 2094 trahitur
437 2041 645 2114 praetextam
662 2051 795 2094 sumere
812 2031 926 2105 mavis,

85 2161 128 2203 an
147 2140 350 2202 Fidenarum
368 2139 618 2221 Gabiorumque
635 2159 709 2201 esse
726 2147 877 2220 potestas
1086 2157 1127 2192 100

86 2258 119 2311 et
136 2249 178 2311 de
195 2267 352 2310 mensura
369 2247 420 2310 ius
437 2247 558 2322 dicere,
576 2267 656 2309 vasa
672 2246 800 2309 minora

84 2356 250 2438 frangere,
269 2375 438 2437 pannosus
454 2354 569 2418 vacuis
586 2346 703 2417 aedilis
720 2354 882 2417 Vlubris?

48 2536 52 2541 ,
85 2483 166 2546 ergo
183 2464 261 2546 quid
279 2465 461 2544 optandum
478 2463 576 2538 foret,
595 2461 768 2545 ignorasse
784 2462 901 2524 fateris

87 2572 266 2647 Seianum;
291 2592 366 2633 nam
384 2571 439 2653 qui
457 2571 577 2633 nimios
596 2570 731 2652 optabat
749 2571 892 2633 honores

86 2690 119 2742 et
137 2679 257 2742 nimias
274 2678 434 2760 poscebat
452 2699 542 2760 opes,
562 2698 740 2740 numerosa
760 2679 897 2759 parabat

86 2787 237 2850 excelsae
254 2786 355 2849 turris
372 2786 531 2861 tabulata,
551 2786 640 2848 unde
656 2785 754 2849 altior
770 2795 861 2848 esset

86 2916 184 2958 casus
202 2904 235 2957 et
254 2895 406 2976 inpulsae
423 2914 582 2975 praeceps
600 2894 735 2956 inmane
752 2894 874 2957 ruinae.

86 3003 165 3084 quid
184 3002 431 3084 Crassos-quid
451 3001 625 3083 Pompeios
643 3002 774 3077 evertit,
793 3011 827 3064 et
844 3001 936 3064 illum

86 3112 127 3173 ad
144 3132 204 3173 sua
221 3111 277 3192 qui
294 3109 438 3172 domitos
456 3109 591 3172 deduxit
609 3109 713 3191 flagra
731 3109 906 3192 Quirites?

86 3239 236 3282 summus
254 3238 375 3299 nempe
392 3217 484 3280 locus
503 3217 593 3280 nulla
610 3239 678 3280 non
695 3227 767 3280 arte
784 3219 910 3299 petitus

86 3346 272 3409 magnaque
290 3326 485 3388 numinibus
503 3335 581 3388 vota
598 3326 753 3388 exaudita
769 3326 933 3408 malignis

86 3436 127 3499 ad
144 3456 304 3518 generum
325 3434 457 3497 Cereris
475 3435 548 3497 sine
565 3435 666 3498 caede
683 3455 721 3498 ac
738 3434 875 3497 vulnere
893 3434 989 3516 pauci

86 3543 294 3607 descendunt
312 3563 409 3624 reges
427 3552 460 3605 et
479 3543 567 3606 sicca
583 3553 691 3605 morte
708 3543 851 3628 tyranni.
