2422 4006
99 267 132 316 94
525 265 727 313 IVVENALIS

100 454 281 516 numquam
300 435 412 497 animo
430 433 546 516 pretiis
563 433 798 515 opstantibus;
822 433 964 497 interius
982 434 1011 497 si

100 544 265 616 attendas,
285 543 393 624 magis
411 542 466 605 illa
483 542 597 605 iuvant
614 562 699 624 quae
716 541 820 624 pluris
837 551 1000 606 ementur.

101 671 180 732 ergo
197 651 284 713 haud
301 650 436 714 difficile
454 660 507 713 est
524 651 705 733 perituram
722 670 892 713 arcessere
909 671 1073 714 summam

100 758 253 822 lancibus
270 759 433 842 oppositis
449 758 502 821 vel
519 759 635 822 matris
653 759 929 841 imaginedracta,

101 876 135 929 et
153 867 407 949 quadringentis
425 867 571 930 nummis
588 867 724 930 condire
739 866 893 948 gulosum

102 975 225 1052 fictile;
250 976 298 1039 sic
315 975 454 1038 veniunt
471 976 513 1038 ad
530 974 743 1038 miscellanea
759 974 838 1038 ludi.

101 1083 205 1146 refert
223 1104 303 1166 ergo
320 1084 395 1166 quis
413 1084 496 1147 haec
513 1084 628 1146 eadem
645 1093 758 1165 paret;
784 1083 818 1145 in
837 1083 955 1146 Rutilo
971 1105 1048 1148 nam

102 1191 231 1256 luxuria
247 1201 309 1266 est,
329 1193 363 1255 in
380 1192 541 1254 Ventidio
557 1191 722 1255 laudabile
739 1211 861 1254 nomen

103 1301 204 1364 sumit
222 1311 255 1363 et
272 1321 292 1364 a
308 1321 412 1364 censu
428 1300 552 1364 famam
570 1300 684 1363 trahit.
734 1299 826 1362 illum
842 1320 907 1382 ego
924 1300 996 1362 iure

102 1409 283 1491 despiciam
301 1409 357 1491 qui
375 1409 439 1473 scit
457 1419 584 1491 quanto
600 1408 775 1472 sublimior
791 1407 914 1471 Atlans

103 1517 259 1580 omnibus
276 1517 310 1579 in
330 1518 438 1601 Libya
455 1517 498 1580 sit
516 1517 698 1591 montibus,
717 1516 771 1580 hic
788 1526 901 1580 tamen
919 1516 1007 1580 idem

104 1626 234 1707 ignoret
251 1636 414 1707 quantum
431 1625 556 1689 ferrata
572 1625 674 1688 distet
691 1625 733 1688 ab
750 1645 826 1688 arca

104 1733 264 1797 sacculus.
314 1754 332 1796 e
349 1733 441 1797 caelo
458 1733 633 1797 descendit
650 1729 753 1811 γνῶθι
769 1730 914 1807 σεαυτόν,

104 1843 273 1924 figendum
290 1853 324 1905 et
342 1842 482 1905 memori
499 1842 710 1905 tractandum
727 1851 871 1923 pectore,
890 1841 961 1904 sive

103 1950 294 2033 coniugium
311 1970 451 2032 quaeras
467 1949 520 2013 vel
537 1950 623 2013 sacri
641 1950 673 2011 in
692 1959 787 2031 parte
804 1959 940 2012 senatus

63 2112 64 2116 ,
103 2079 178 2121 esse
194 2058 277 2122 velis
294 2079 302 2135 ;
327 2060 542 2141 nequeenim
560 2058 696 2121 loricam
714 2057 823 2139 poscit
840 2057 983 2120 Achillis

103 2167 286 2242 Thersites,
305 2168 339 2229 in
356 2188 421 2249 qua
437 2188 473 2231 se
490 2167 686 2230 traducebat
703 2165 820 2229 Vlixes
835 2187 843 2242 ;

104 2275 284 2356 ancipitem
303 2295 362 2338 seu
379 2285 417 2338 tu
434 2296 556 2357 magno
573 2274 765 2338 discrimine
781 2294 914 2337 causam

103 2392 280 2465 protegere
297 2383 456 2458 adfectas
474 2393 510 2446 te
527 2383 673 2458 consule,
693 2384 745 2446 dic
763 2382 825 2445 tibi
841 2382 898 2464 qui
915 2383 970 2457 sis,

103 2500 215 2553 orator
230 2491 414 2554 vehemens
431 2512 474 2554 an
493 2491 631 2554 Curtius
648 2501 682 2553 et
700 2491 818 2553 Matho
835 2491 967 2554 buccae.

104 2600 274 2662 noscenda
291 2609 343 2663 est
360 2620 516 2663 mensura
532 2599 584 2662 sui
601 2600 850 2682 spectandaque
867 2600 966 2662 rebus

104 2706 137 2768 in
156 2707 295 2770 summis
313 2707 535 2790 minimisque,
555 2708 656 2770 etiam
674 2729 749 2771 cum
768 2707 868 2788 piscis
886 2719 1024 2782 emetur,

92 2830 146 2876 ‘ne
163 2814 302 2877 mullum
321 2817 435 2898 cupias
453 2837 528 2879 cum
547 2816 591 2879 sit
608 2816 670 2878 tibi
687 2816 786 2898 gobio
803 2826 935 2896 tantum

104 2922 137 2984 in
155 2922 283 2986 loculis
332 2924 407 3006 quis
425 2924 514 2987 enim
532 2936 566 2987 te
583 2925 761 2987 deficiente
777 2924 927 2987 crumina

104 3040 138 3092 et
156 3042 329 3095 crescente
346 3032 424 3114 gula
440 3043 553 3095 manet
572 3032 690 3107 exitus,
709 3052 786 3095 aere
803 3042 942 3114 patemo

104 3160 142 3201 ac
159 3141 259 3202 rebus
275 3141 394 3204 mersis
412 3141 445 3203 in
462 3152 613 3204 ventrem
630 3141 777 3204 faenoris
794 3151 894 3223 atque

104 3248 237 3329 argenti
254 3249 365 3330 gravis
382 3259 416 3311 et
433 3269 589 3331 pecorum
608 3269 830 3331 agrorumque
847 3249 1026 3330 capacem?

104 3354 228 3417 talibus
244 3376 263 3418 a
279 3356 423 3420 dominis
441 3367 517 3438 post
536 3368 658 3420 cuncta
675 3358 877 3421 novissimus
893 3356 961 3420 exit

104 3462 233 3537 anulus,
252 3472 286 3526 et
303 3464 407 3546 digito
424 3466 592 3529 mendicat
611 3465 714 3529 Pollio
731 3468 830 3530 nudo.

105 3591 172 3633 non
190 3573 391 3652 praematuri
409 3573 537 3637 cineres
555 3595 616 3638 nec
633 3575 736 3638 funus
752 3576 910 3638 acerbum
