2422 4006
502 298 650 347 SATVRA
675 298 699 345 X

79 467 216 530 nomina
231 486 402 530 servorum
420 485 482 529 nec
499 465 629 528 vultum
646 465 799 547 agnoscit
817 464 913 528 amici

79 595 155 638 cum
172 594 239 657 quo
255 573 438 655 praeterita
453 573 586 637 cenavit
603 583 712 648 nocte,
731 593 793 636 nec
810 572 885 636 illos
1077 593 1125 645 ²35

79 703 163 765 quos
180 682 307 764 genuit,
325 702 411 765 quos
428 681 552 745 eduxit.
603 701 680 743 nam
697 681 813 744 codice
831 701 929 745 saevo

80 791 221 854 heredes
237 799 329 854 vetat
346 810 422 853 esse
438 810 526 864 suos,
546 790 634 852 bona
651 798 723 853 tota
738 789 893 852 feruntur

80 899 120 962 ad
138 899 297 974 Phialen;
321 907 452 961 tantum
470 898 607 961 artificis
625 897 713 960 valet
731 897 856 961 halitus
874 899 950 972 oris,

80 1007 169 1089 quod
186 1016 326 1069 steterat
343 1005 457 1068 multis
475 1006 509 1068 in
526 988 659 1069 carcere
676 1006 815 1069 fornicis
833 1007 940 1070 annis.

82 1125 117 1177 ut
135 1115 271 1196 vigeant
289 1135 408 1178 sensus
425 1114 536 1189 animi,
554 1114 708 1177 ducenda
724 1124 838 1177 tamen
859 1114 943 1177 sunt'
1079 1137 1126 1182 240

82 1223 202 1285 funera
217 1232 381 1297 natorum,
399 1242 501 1304 rogus
518 1222 731 1303 aspiciendus
750 1232 879 1285 amatae

83 1331 234 1412 coniugis
252 1339 285 1392 et
302 1330 416 1393 fratris
433 1330 617 1412 plenaeque
634 1331 803 1393 sororibus
822 1351 932 1394 urnae.

54 1512 57 1517 Ι
83 1439 164 1502 haec
181 1440 259 1501 data
274 1458 383 1520 poena
400 1438 456 1501 diu
471 1438 673 1513 viventibus,
692 1451 730 1501 ut
746 1449 906 1501 renovata

84 1566 215 1628 semper
232 1546 325 1609 clade
341 1547 460 1609 domus
478 1545 592 1609 multis
610 1546 644 1608 in
661 1545 809 1610 luctibus
825 1547 926 1630 inque

83 1664 246 1736 perpetuo
263 1675 413 1718 maerore
430 1665 464 1717 et
481 1655 578 1736 nigra
593 1664 688 1718 veste
705 1665 892 1719 senescant.
1080 1678 1127 1729 245

83 1783 140 1826 rex
157 1763 280 1848 Pylius,
299 1783 420 1845 magno
437 1763 466 1826 si
483 1764 663 1844 quidquam
681 1764 791 1827 credis
810 1765 968 1836 Homero,

83 1871 272 1953 exemplum
289 1871 377 1933 vitae
394 1871 459 1933 fuit
478 1891 497 1933 a
514 1871 646 1934 cornice
663 1872 838 1934 secundae.

82 1979 163 2042 felix
180 1979 347 2054 nimirum,
366 1979 423 2061 qui
439 1989 491 2042 tot
508 1999 567 2060 per
584 1980 717 2043 saecula
733 1989 873 2042 mortem

84 2086 214 2150 distulit
232 2095 333 2169 atque
350 2107 429 2150 suos
446 2087 511 2149 iam
528 2088 645 2150 dextra
662 2097 823 2167 conputat
841 2108 955 2163 annos,

84 2195 207 2278 quique
224 2215 347 2258 novum
359 2195 486 2259 totiens
500 2206 648 2258 mustum
667 2195 761 2258 bibit.
811 2216 879 2270 or0‚
894 2217 1070 2278 parumper
1081 2217 1129 2269 ²50

85 2302 240 2366 attendas
257 2312 418 2384 quantum
437 2303 478 2366 de
495 2302 625 2385 legibus
644 2303 715 2385 ipse
732 2313 890 2384 queratur

85 2411 230 2474 fatorum
248 2419 282 2474 et
298 2411 402 2473 nimio
419 2412 461 2473 de
478 2412 631 2485 stamine,
651 2432 726 2474 cum
744 2411 834 2473 videt
853 2412 937 2474 acris

86 2518 262 2582 Antilochi
279 2520 414 2582 barbam
436 2520 619 2593 ardentem,
638 2539 713 2582 cum
731 2519 860 2600 quaerit
878 2521 920 2583 ab
936 2521 1026 2582 omni

87 2627 236 2710 quisquis
253 2627 348 2690 adest
366 2613 486 2701 socius,
507 2648 564 2690 cur
581 2628 662 2689 haec
680 2626 714 2688 in
731 2636 883 2708 tempora
899 2629 1005 2702 duret,

87 2736 175 2818 quod
191 2736 322 2799 facinus
339 2735 478 2817 dignum
496 2743 564 2797 tam
583 2735 682 2817 longo
699 2736 871 2798 admiserit
888 2756 978 2799 aevo.
1084 2757 1129 2808 ²55

88 2845 169 2908 haec
186 2845 302 2907 eadem
322 2842 440 2906 Peleus
456 2853 589 2924 raptum
607 2864 681 2906 cum
701 2843 793 2925 luget
812 2844 980 2918 Achillen,

88 2962 187 3035 atque
204 2951 288 3015 alius
306 2952 359 3015 cui
375 2951 427 3013 fas
446 2951 600 3015 Ithacum
616 2950 731 3032 lugere
749 2962 931 3015 natantem.

88 3059 246 3124 incolumi
264 3060 365 3123 Troia
382 3059 534 3122 Priamus
550 3059 700 3122 venisset
718 3060 759 3121 ad
776 3061 911 3123 umbras

89 3167 247 3233 Assaraci
264 3169 395 3250 magnis
413 3168 633 3231 sollemnibus
651 3168 801 3231 Hectore
818 3168 918 3231 funus

88 3285 244 3358 portante
260 3296 298 3339 ac
316 3276 452 3358 reliquis
469 3276 611 3338 fratrum
628 3275 814 3339 cervicibus
831 3276 919 3339 inter
1086 3284 1134 3334 260

89 3385 231 3448 Iliadum
249 3383 412 3459 lacrimas,
431 3396 468 3445 ut
485 3384 609 3465 primos
627 3385 726 3447 edere
743 3378 896 3465 planct'us

89 3493 279 3559 Cassandra
295 3492 458 3574 inciperet
476 3493 646 3574 scissaque
664 3493 830 3576 Polyxena
847 3493 941 3574 palla,

88 3602 118 3664 si
133 3601 223 3664 foret
241 3601 427 3663 exstinctus
445 3600 576 3663 diverso
594 3609 754 3681 tempore,
774 3621 840 3681 quo
858 3620 924 3662 non
