2422 4006
471 303 618 351 SATVRA
644 303 682 349 IV

50 472 173 553 incipe,
194 470 350 553 Calliope.
400 470 478 534 licet
497 480 530 534 et
548 471 740 535 considere:
765 490 831 532 non
849 478 902 533 est

51 580 256 643 cantandum
275 601 282 655 ς
306 599 360 642 res
375 600 455 642 vera
471 580 590 662 agitur.
640 588 781 653 narrate,
801 577 930 660 puellae
1070 598 1100 650 35

54 687 211 751 Pierides.
261 687 365 769 prosit
383 687 466 750 mihi
482 708 542 751 vos
558 687 683 750 dixisse
700 685 837 769 puellas.
1029 762 1035 771 ἱ

102 795 188 859 Cum
206 796 270 858 iam
290 796 523 859 semianimum
542 796 702 859 laceraret
722 794 856 857 Flavius
873 794 987 856 orbem

52 904 193 967 ultimus
209 913 242 967 et
261 904 353 967 calvo
371 904 509 967 serviret
529 905 637 967 Roma
655 903 791 978 Neroni,

53 1011 173 1076 incidit
190 1010 328 1075 Adriaci
345 1012 488 1094 spatium
505 1012 699 1075 admirabile
716 1012 847 1075 rhombi

53 1129 134 1183 ante
151 1120 286 1182 domum
304 1120 456 1194 Veneris,
476 1140 574 1202 quam
594 1120 718 1182 Dorica
734 1120 877 1182 sustinet
895 1119 1027 1192 Ancon,
1069 1140 1101 1186 40

54 1227 274 1311 implevitque
291 1227 404 1304 sinus;
429 1248 491 1291 nec
509 1228 597 1290 enim
616 1228 724 1290 minor
741 1228 893 1291 haeserat
912 1227 975 1289 illis

54 1356 141 1419 quos
157 1337 265 1417 operit
282 1336 406 1418 glacies
425 1337 591 1400 Maeotica
609 1346 773 1418 ruptaque
790 1336 925 1398 tandem

54 1424 183 1507 solibus
201 1445 343 1507 effundit
361 1444 520 1507 torrentis
538 1444 579 1507 ad
596 1443 683 1507 ostia
701 1444 798 1506 Ponti

55 1552 185 1615 desidia
201 1553 314 1615 tardos
332 1561 365 1614 et
383 1552 483 1634 longo
500 1552 625 1634 frigore
641 1552 810 1643 pingues?

56 1660 204 1723 destinat
221 1660 284 1723 hoc
301 1669 489 1723 monstrum
507 1661 646 1723 cumbae
664 1660 789 1743 linique
807 1660 967 1742 magister
1070 1681 1102 1733 45

56 1768 208 1850 pontifici
225 1789 365 1832 summo.
416 1770 490 1851 quis
508 1769 596 1831 enim
615 1789 799 1851 proponere
817 1768 917 1830 talem

57 1885 116 1938 aut
133 1895 243 1940 emere
260 1877 407 1951 auderet,
427 1896 500 1939 cum
519 1876 617 1958 plena
634 1887 668 1938 et
685 1876 783 1939 litora
799 1876 905 1940 multo

57 1984 207 2048 delatore
222 1985 358 2048 forent?
383 1984 525 2066 dispersi
542 1985 694 2066 protinus
712 1985 806 2066 algae

58 2092 275 2175 inquisitores
291 2101 432 2175 agerent
448 2113 523 2156 cum
541 2093 667 2175 remige
683 2095 773 2156 nudo

58 2220 126 2263 non
144 2201 327 2264 dubitaturi
341 2200 522 2283 fugitivum
541 2201 650 2264 dicere
667 2203 791 2283 piscem

58 2309 303 2391 depastumque
320 2308 377 2372 diu
393 2308 517 2372 vivaria
535 2308 697 2383 Caesaris,
718 2309 794 2371 inde

14 2426 17 2430 ’
59 2416 207 2498 elapsum
225 2426 373 2480 veterem
391 2418 432 2480 ad
450 2417 620 2480 dominum
638 2418 760 2480 debere
777 2418 907 2480 reverti.

59 2524 88 2587 si
105 2525 184 2607 quid
202 2507 358 2600 Palfurio,
375 2525 403 2588 si
420 2525 586 2588 credimus
604 2524 790 2600 Armillato

59 2633 218 2715 quidquid
236 2633 454 2715 conspicuum
471 2633 714 2716 pulchrumque
731 2643 783 2696 est
799 2653 942 2715 aequore
959 2642 1031 2695 toto

60 2760 113 2804 res
130 2741 202 2804 fisci
220 2751 282 2816 est,
301 2741 503 2824 ubicumque
520 2751 624 2805 natat.
674 2741 853 2805 donabitur
870 2760 959 2822 erg0,
1075 2761 1105 2813 55
1116 2741 1133 2751 “

61 2869 102 2912 ne
119 2858 243 2931 pereat.
294 2849 358 2912 iam
376 2849 507 2912 letifero
525 2850 667 2913 cedente
684 2849 811 2932 pruinis

62 2966 230 3032 autumno,
249 2957 313 3021 iam
330 2966 524 3040 quartanam
542 2958 755 3040 sperantibus
771 2958 890 3039 aegris,

63 3065 223 3129 stridebat
240 3066 401 3129 deformis
418 3066 525 3129 hiems
542 3067 766 3148 praedamque
783 3075 951 3129 recentem

64 3175 234 3251 servabat;
258 3183 370 3238 tamen
389 3175 443 3238 bic
461 3184 625 3257 properat,
644 3175 736 3238 velut
754 3183 871 3256 urgeat
889 3184 1010 3238 auster.

64 3290 165 3365 utque
181 3281 273 3346 lacus
291 3283 460 3359 suberant,
479 3283 536 3346 ubi
553 3304 752 3366 quamquam
770 3282 879 3346 diruta
896 3292 1005 3346 servat
1073 3289 1106 3339 60

65 3380 172 3471 ignem
190 3390 372 3454 Troianum
390 3400 424 3454 et
440 3390 581 3454 Vestam
599 3391 678 3455 colit
696 3391 786 3454 Alba
803 3390 974 3465 minorem,

66 3496 193 3561 obstitit
210 3498 348 3562 intranti
365 3498 515 3562 miratrix
531 3500 629 3562 turba
645 3519 829 3581 parumper.

67 3614 99 3667 ut
116 3606 227 3680 cessit,
246 3606 337 3670 facili
353 3616 535 3688 patuerunt
552 3607 686 3670 cardine
703 3606 834 3681 valvae;
