2422 4006
117 275 164 324 108
535 277 738 326 IVVENALIS

117 454 150 506 et
167 444 258 507 nullo
276 446 414 508 credant
432 445 594 508 mundum
613 453 742 508 rectore
759 445 887 508 moveri

117 561 235 615 natura
251 553 407 615 volvente
422 553 514 617 vices
531 562 564 616 et
581 553 666 616 lucis
684 562 717 615 et
735 553 823 628 anni,

116 669 218 741 atque
234 660 308 723 ideo
325 660 484 743 intrepidi
501 681 730 743 quaecumque
746 661 865 724 altaria
881 669 1037 744 tangunt.

117 777 169 830 est
185 767 269 831 alius
286 779 440 832 metuens
457 789 500 832 ne
517 770 642 833 crimen
657 790 765 851 poena
781 779 952 852 sequatur.
1139 775 1164 830 90

116 875 171 939 hic
186 886 283 957 putat
302 897 376 940 esse
394 878 475 940 deos
493 886 526 940 et
544 878 679 960 peierat,
698 887 800 960 atque
817 877 864 940 ita
881 897 1016 941 secum:

118 986 294 1047 ‘decernat
311 987 544 1068 quodcumque
560 986 650 1048 volet
667 987 709 1049 de
723 1005 861 1068 corpore
878 995 996 1049 nostro

118 1092 182 1155 Isis
200 1102 232 1155 et
250 1093 334 1156 irato
351 1094 449 1156 feriat
467 1114 541 1157 mea
557 1093 683 1156 lumina
700 1095 808 1170 sistr0,

116 1201 295 1263 dummodo
312 1201 364 1263 vel
382 1221 502 1265 caecus
519 1211 653 1264 teneam
670 1223 755 1284 quos
772 1202 904 1284 abnego
922 1222 1085 1265 nummos,

117 1318 150 1371 et
168 1309 312 1390 phthisis
327 1319 360 1371 et
377 1310 527 1373 vomicae
542 1320 660 1391 putres
677 1320 711 1373 et
729 1310 903 1373 dimidium
921 1331 999 1374 crus
1149 1327 1172 1379 95

117 1427 195 1479 sunt
213 1417 307 1480 tanti.
358 1438 483 1499 pauper
499 1419 699 1500 locupletem
717 1429 833 1501 optare
850 1419 1032 1502 podagram

117 1546 178 1588 nec
196 1525 326 1588 dubitet
346 1526 468 1601 Ladas,
487 1526 516 1588 si
533 1547 600 1589 non
618 1536 696 1609 eget
714 1526 881 1611 Anticyra
897 1547 961 1590 nec
991 1516 1089 1585 tte-⁴5·

117 1633 330 1716 Archigene;
355 1635 433 1716 quid
450 1634 539 1696 enim
556 1633 681 1698 velocis
697 1634 804 1717 gloria
820 1634 956 1717 plantae

116 1751 263 1823 praestat
281 1753 314 1805 et
332 1743 481 1806 esuriens
499 1743 633 1806 Pisaeae
650 1764 762 1806 ramus
779 1742 908 1806 olivae?

116 1860 153 1913 ut
171 1851 215 1913 sit
232 1871 352 1933 magna
370 1861 491 1926 tamen,
510 1860 602 1915 certe
620 1850 712 1914 lenta
728 1851 776 1915 ira
792 1852 929 1915 deorum
948 1862 1022 1928 est;
1111 1864 1147 1903 100

116 1958 145 2020 si
162 1969 279 2021 curant
297 1959 399 2041 igitur
416 1969 556 2022 cunctos
574 1959 693 2040 punire
710 1970 882 2035 nocentes

116 2068 247 2148 quando
265 2068 305 2130 ad
323 2088 377 2130 me
393 2068 554 2130 venient?
603 2069 662 2131 sed
677 2077 710 2130 et
728 2068 895 2132 exorabile
912 2088 1038 2131 numen

116 2175 260 2238 fortasse
277 2176 444 2257 experiar;
470 2176 555 2238 solet
573 2176 624 2239 his
642 2176 827 2258 ignoscere.
876 2175 975 2239 multi

117 2284 333 2346 committunt
350 2285 466 2346 eadem
483 2284 615 2346 diverso
632 2284 772 2347 crimina
787 2284 878 2347 fato:

116 2391 171 2455 ille
188 2412 320 2456 crucem
339 2392 475 2455 sceleris
492 2392 636 2474 pretium
655 2392 742 2467 tulit,
762 2391 815 2456 hic
832 2391 1006 2456 diadema.'
1114 2415 1150 2467 105

116 2500 164 2564 sic
181 2501 327 2564 animum
345 2500 436 2563 dirae
452 2501 619 2582 trepidum
636 2499 816 2563 formidine
833 2499 951 2582 culpae
1173 2495 1175 2498 ⁴

116 2610 299 2684 confirmat,
319 2618 400 2671 tunc
416 2618 451 2671 te
468 2629 562 2671 sacra
578 2610 618 2671 ad
636 2608 774 2671 delubra
789 2617 965 2671 vocantem

115 2718 294 2799 praecedit,
313 2718 445 2780 trahere
462 2717 564 2779 immo
580 2718 667 2779 ultro
684 2737 722 2780 ac
739 2736 859 2780 vexare
876 2726 1022 2798 paratus.

116 2847 192 2888 nam
210 2847 285 2889 curn
303 2846 425 2907 magna
440 2826 546 2888 malae
563 2835 717 2906 superest
734 2825 872 2888 audacia
888 2844 1019 2900 causae,

116 2934 429 2997 credituramultis
447 2933 574 2996 fiducia.
625 2933 762 3016 mimum
780 2933 849 3015 agit
867 2932 931 3007 ille,
1116 2960 1158 2994 110

116 3043 234 3107 urbani
251 3043 382 3125 qualern
399 3042 561 3124 fugitivus
579 3062 692 3105 scurra
710 3040 852 3104 Catulli:
921 3054 976 3117 ror,
989 3052 1048 3106 stc

115 3163 153 3214 tu
170 3152 271 3214 miser
288 3150 452 3214 exclamas
470 3160 507 3213 ut
526 3149 685 3213 Stentora
700 3149 835 3213 vincere
852 3148 972 3230 possis,

115 3259 167 3322 vel
185 3260 296 3341 potius
314 3269 474 3341 quantum
495 3258 659 3321 Gradivus
680 3257 907 3320 Homericus:
933 3257 1055 3331 ‘audis
1123 3268 1129 3280 ‘

117 3368 277 3450 Iuppiter,
296 3368 378 3431 haec
396 3388 458 3431 nec
475 3366 567 3430 labra
583 3386 706 3441 moves,
727 3387 801 3430 curn
819 3366 956 3428 mittere
971 3385 1089 3428 vocem

115 3477 270 3540 debueris
287 3476 339 3539 vel
357 3496 561 3539 marmoreus
578 3475 631 3537 vel
648 3475 797 3538 aeneus?
846 3482 904 3537 aut
921 3493 982 3536 cur
1115 3489 1158 3541 ῐ15

115 3587 149 3649 in
168 3586 311 3649 carbone
329 3597 387 3647 tuo
407 3586 522 3648 charta
539 3584 593 3665 pia
610 3594 685 3646 tura
702 3582 811 3646 soluta
