2422 4006
454 291 601 339 SATVRA
625 292 695 339 VIII

53 479 192 541 poscere
209 461 381 522 mercedes
398 436 505 521 alieno
522 459 631 521 lassus
648 468 767 533 aratro,

54 568 212 630 nodosam
230 576 307 649 post
325 568 407 630 haec
423 567 601 649 frangebat
618 567 744 630 vertice
760 567 874 642 vitem,

54 676 81 738 si
98 675 211 738 lentus
229 676 324 757 pigra
340 676 484 738 muniret
499 685 608 738 castra
625 675 769 739 dolabra.

55 784 106 847 hic
124 793 239 846 tamen
256 793 290 846 et
309 783 463 847 Cimbros
481 793 514 846 et
532 805 662 846 summa
678 784 826 865 pericula
841 804 951 846 rerum

55 892 176 974 excipit
194 902 229 955 et
247 892 337 955 solus
354 893 579 974 trepidantem
597 893 745 975 protegit
763 893 899 968 urbem;
1054 913 1102 965 250

54 1011 153 1083 atque
171 1001 255 1076 ide0,
271 1009 447 1083 postquam
464 1001 504 1063 ad
523 1001 677 1065 Cimbros
695 1010 908 1083 stragemque
921 1001 1078 1065 volabant

54 1109 110 1191 qui
127 1129 308 1191 numquam
324 1110 507 1192 attigerant
525 1110 650 1173 maiora
666 1111 826 1172 cadavera
842 1111 941 1184 corvi,

55 1217 177 1280 nobilis
194 1227 331 1280 ornatur
348 1218 442 1280 lauru
459 1218 588 1300 collega
604 1219 758 1282 secunda.

55 1324 205 1407 plebeiae
223 1326 404 1389 Deciorum
420 1327 560 1401 animae,
580 1327 710 1408 plebeia
725 1327 862 1390 fuerunt

55 1436 191 1497 nomina
208 1455 215 1510 ;
240 1455 299 1516 pro
317 1435 398 1498 totis
414 1434 604 1517 legionibus
622 1435 657 1497 hi
673 1444 787 1498 tamen
805 1445 838 1498 et
856 1456 915 1517 pro

55 1543 211 1605 omnibus
227 1543 358 1606 auxiliis
375 1552 476 1624 atque
492 1544 583 1619 omni
600 1544 689 1626 pube
707 1545 829 1606 Latina

56 1650 227 1714 sufficiunt
245 1652 295 1714 dis
313 1651 454 1714 infernis
471 1652 663 1734 Terraeque
680 1653 832 1734 parenti;

55 1759 159 1840 pluris
176 1759 266 1821 enim
285 1759 382 1823 Decii
399 1781 498 1842 quam
515 1781 600 1842 quae
618 1771 793 1823 servantur
809 1762 851 1824 ab
868 1760 942 1825 illis.

55 1867 176 1931 ancilla
193 1878 292 1931 natus
310 1870 461 1931 trabeam
479 1878 512 1931 et
530 1869 682 1932 diadema
699 1870 832 1952 Quirini

55 1987 89 2038 et
108 1976 219 2039 fasces
236 1977 367 2052 meruit,
387 1998 503 2059 regum
521 1977 660 2040 ultimus
678 1977 733 2039 ille
750 1979 922 2041 bonorum.
1054 1993 1102 2043 260

55 2085 187 2165 prodita
203 2085 358 2148 laxabant
376 2094 546 2167 portarum
564 2085 709 2149 claustra
725 2087 876 2170 tyrannis
891 2063 921 2079 Ν

56 2175 226 2256 exsulibus
244 2193 381 2256 iuvenes
398 2193 502 2274 ipsius
520 2194 666 2257 consulis
685 2204 718 2256 et
735 2214 819 2275 quos

56 2322 215 2383 magnum
232 2302 356 2384 aliquid
373 2303 473 2365 dubia
490 2323 549 2384 pro
566 2303 723 2365 libertate
742 2303 885 2378 deceret,

57 2410 143 2491 quod
161 2410 337 2472 miraretur
354 2431 429 2473 cum
448 2410 576 2474 Coclite
595 2410 728 2473 Mucius
747 2419 779 2472 et
798 2431 882 2492 quae

56 2517 187 2600 imperii
204 2519 288 2580 fines
305 2519 502 2582 Tiberinum
519 2519 614 2601 virgo
632 2519 774 2583 natavit:

56 2626 188 2690 occulta
203 2628 245 2690 ad
262 2635 374 2708 patres
391 2627 546 2709 produxit
564 2627 704 2690 crimina
720 2647 845 2702 servuS,

56 2736 217 2798 matronis
235 2734 420 2816 lugendus;
447 2745 481 2798 at
499 2735 572 2797 illos
589 2735 728 2798 verbera
746 2736 843 2798 iustis

55 2844 216 2906 adficiunt
233 2843 351 2925 poenis
369 2853 403 2906 et
420 2843 532 2926 legum
550 2844 657 2925 prima
674 2844 808 2907 securis

102 2951 194 3013 Malo
211 2961 306 3032 pater
321 2951 384 3014 tibi
402 2952 444 3014 sit
462 2953 646 3028 Thersites,
666 2953 845 3014 dummodo
863 2962 900 3015 tu
918 2952 963 3015 sis

55 3058 226 3122 Aeacidae
242 3059 360 3121 similis
377 3060 608 3142 Vulcaniaque
626 3082 717 3123 arma
734 3081 898 3141 capessas,

54 3189 152 3249 quam
170 3176 205 3230 te
221 3167 400 3231 Thersitae
417 3169 558 3231 similem
576 3170 736 3251 producat
756 3168 916 3231 Achilles.

54 3285 229 3352 ettamen,
249 3287 285 3340 ut
302 3277 403 3359 longe
420 3287 552 3359 repetas
570 3277 736 3359 longeque
754 3268 912 3340 revolvas¹

53 3405 187 3461 nomen,
205 3386 247 3449 ab
265 3385 381 3448 infami
398 3397 535 3468 gentem
553 3387 690 3449 deducis
707 3386 819 3469 asylo;

53 3483 215 3558 maiorum
233 3494 370 3576 primus,
390 3495 541 3577 quisquis
558 3496 622 3558 fuit
641 3495 705 3569 ille,
724 3504 856 3557 tuorum

51 3611 111 3666 aut
127 3612 242 3684 pastor
258 3603 323 3666 ruit
341 3613 397 3666 aut
416 3604 496 3667 illud
514 3605 601 3686 quod
621 3604 731 3666 dicere
749 3603 835 3666 nolo
